[{"date": "20201001", "timestamp": 1601510400, "side": "sell", "size": 0.5, "price": 10783.24, "product": "BTC-USD", "holdings": {"BTC": 0.5, "USD": 5381.915084}}, {"date": "20201001", "timestamp": 1601510460, "side": "buy", "size": 0.185185356653108, "price": 10796.02, "product": "BTC-USD", "holdings": {"BTC": 0.6849199982956682, "USD": 3381.915084}}, {"date": "20201001", "timestamp": 1601510580, "side": "sell", "size": 0.6849199982956682, "price": 10799.99, "product": "BTC-USD", "holdings": {"BTC": 0.0, "USD": 10765.729383954926}}, {"date": "20201001", "timestamp": 1601510640, "side": "buy", "size": 0.9940664196324213, "price": 10817.42, "product": "BTC-USD", "holdings": {"BTC": 0.9934301405569727, "USD": 0.0}}, {"date": "20201001", "timestamp": 1601510700, "side": "sell", "size": 0.5, "price": 10824.16, "product": "BTC-USD", "holdings": {"BTC": 0.49343014055697265, "USD": 5402.338256}}, {"date": "20201001", "timestamp": 1601510760, "side": "buy", "size": 2.7696227773777213, "price": 360.98, "product": "ETH-USD", "holdings": {"BTC": 0.49343014055697265, "USD": 4402.338256, "ETH": 2.765250152363012}}, {"date": "20201001", "timestamp": 1601510820, "side": "sell", "size": 0.05, "price": 9223.48, "product": "BTC-EUR", "holdings": {"BTC": 0.44343014055697266, "USD": 4402.338256, "ETH": 2.765250152363012, "EUR": 460.3438868}}, {"date": "20201001", "timestamp": 1601511360, "side": "sell", "size": 0.44343014055697266, "price": 10812.68, "product": "BTC-USD", "holdings": {"BTC": 0.0, "USD": 9188.37606541561, "ETH": 2.765250152363012, "EUR": 460.3438868}}, {"date": "20201001", "timestamp": 1601512260, "side": "buy", "size": 0.8499279945291233, "price": 10807.43, "product": "BTC-USD", "holdings": {"BTC": 0.8486603187342284, "USD": 0.0, "ETH": 2.765250152363012, "EUR": 460.3438868}}, {"date": "20201001", "timestamp": 1601512860, "side": "sell", "size": 0.8486603187342284, "price": 10793.4, "product": "BTC-USD", "holdings": {"BTC": 0.0, "USD": 9143.442409714415, "ETH": 2.765250152363012, "EUR": 460.3438868}}, {"date": "20201001", "timestamp": 1601513640, "side": "buy", "size": 0.8470589595764461, "price": 10794.33, "product": "BTC-USD", "holdings": {"BTC": 0.8455350367625345, "USD": 0.0, "ETH": 2.765250152363012, "EUR": 460.3438868}}, {"date": "20201001", "timestamp": 1601517660, "side": "sell", "size": 0.8455350367625345, "price": 10846.52, "product": "BTC-USD", "holdings": {"BTC": 0.0, "USD": 9154.604684109065, "ETH": 2.765250152363012, "EUR": 460.3438868}}, {"date": "20201001", "timestamp": 1601518620, "side": "buy", "size": 0.8462898165453859, "price": 10814.77, "product": "BTC-USD", "holdings": {"BTC": 0.844967243471444, "USD": 0.0, "ETH": 2.765250152363012, "EUR": 460.3438868}}, {"date": "20201001", "timestamp": 1601519160, "side": "sell", "size": 0.844967243471444, "price": 10820.04, "product": "BTC-USD", "holdings": {"BTC": 0.0, "USD": 9126.122730179271, "ETH": 2.765250152363012, "EUR": 460.3438868}}, {"date": "20201001", "timestamp": 1601520060, "side": "buy", "size": 0.8426713902948453, "price": 10829.99, "product": "BTC-USD", "holdings": {"BTC": 0.8411545817923145, "USD": 0.0, "ETH": 2.765250152363012, "EUR": 460.3438868}}, {"date": "20201001", "timestamp": 1601521260, "side": "sell", "size": 0.8411545817923145, "price": 10825.57, "product": "BTC-USD", "holdings": {"BTC": 0.0, "USD": 9089.587045962602, "ETH": 2.765250152363012, "EUR": 460.3438868}}, {"date": "20201001", "timestamp": 1601524980, "side": "buy", "size": 0.8417048070994037, "price": 10799.02, "product": "BTC-USD", "holdings": {"BTC": 0.8401897384466247, "USD": 0.0, "ETH": 2.765250152363012, "EUR": 460.3438868}}, {"date": "20201001", "timestamp": 1601529000, "side": "sell", "size": 0.8401897384466247, "price": 10806.28, "product": "BTC-USD", "holdings": {"BTC": 0.0, "USD": 9062.982780760787, "ETH": 2.765250152363012, "EUR": 460.3438868}}, {"date": "20201001", "timestamp": 1601531160, "side": "buy", "size": 0.8374343745851894, "price": 10819.0, "product": "BTC-USD", "holdings": {"BTC": 0.8361835115773563, "USD": 0.0, "ETH": 2.765250152363012, "EUR": 460.3438868}}, {"date": "20201001", "timestamp": 1601531580, "side": "sell", "size": 0.8361835115773563, "price": 10824.1, "product": "BTC-USD", "holdings": {"BTC": 0.0, "USD": 9034.642266558667, "ETH": 2.765250152363012, "EUR": 460.3438868}}, {"date": "20201001", "timestamp": 1601533140, "side": "buy", "size": 0.8334548525006635, "price": 10839.99, "product": "BTC-USD", "holdings": {"BTC": 0.8319546337661623, "USD": 0.0, "ETH": 2.765250152363012, "EUR": 460.3438868}}, {"date": "20201001", "timestamp": 1601537100, "side": "sell", "size": 0.8319546337661623, "price": 10825.26, "product": "BTC-USD", "holdings": {"BTC": 0.0, "USD": 8989.914193329785, "ETH": 2.765250152363012, "EUR": 460.3438868}}, {"date": "20201001", "timestamp": 1601537340, "side": "buy", "size": 0.8288476964756382, "price": 10833.04, "product": "BTC-USD", "holdings": {"BTC": 0.8283669540389208, "USD": 0.0, "ETH": 2.765250152363012, "EUR": 460.3438868}}, {"date": "20201001", "timestamp": 1601537460, "side": "sell", "size": 0.8283669540389208, "price": 10819.62, "product": "BTC-USD", "holdings": {"BTC": 0.0, "USD": 8946.482955064723, "ETH": 2.765250152363012, "EUR": 460.3438868}}, {"date": "20201001", "timestamp": 1601537640, "side": "buy", "size": 0.8276569169885056, "price": 10807.9, "product": "BTC-USD", "holdings": {"BTC": 0.8262825605108862, "USD": 0.0, "ETH": 2.765250152363012, "EUR": 460.3438868}}, {"date": "20201001", "timestamp": 1601539080, "side": "sell", "size": 0.8262825605108862, "price": 10829.94, "product": "BTC-USD", "holdings": {"BTC": 0.0, "USD": 8932.483090383186, "ETH": 2.765250152363012, "EUR": 460.3438868}}, {"date": "20201001", "timestamp": 1601539320, "side": "buy", "size": 0.8243073627543579, "price": 10826.94, "product": "BTC-USD", "holdings": {"BTC": 0.8235387487896392, "USD": 0.0, "ETH": 2.765250152363012, "EUR": 460.3438868}}, {"date": "20201001", "timestamp": 1601540220, "side": "sell", "size": 0.8235387487896392, "price": 10874.08, "product": "BTC-USD", "holdings": {"BTC": 0.0, "USD": 8939.10683021105, "ETH": 2.765250152363012, "EUR": 460.3438868}}, {"date": "20201001", "timestamp": 1601540520, "side": "buy", "size": 0.8220677188662288, "price": 10873.93, "product": "BTC-USD", "holdings": {"BTC": 0.8205879969722695, "USD": 0.0, "ETH": 2.765250152363012, "EUR": 460.3438868}}, {"date": "20201001", "timestamp": 1601541300, "side": "sell", "size": 0.8205879969722695, "price": 10891.18, "product": "BTC-USD", "holdings": {"BTC": 0.0, "USD": 8921.084672018887, "ETH": 2.765250152363012, "EUR": 460.3438868}}, {"date": "20201001", "timestamp": 1601544480, "side": "buy", "size": 0.8193877999558106, "price": 10887.5, "product": "BTC-USD", "holdings": {"BTC": 0.8179129019158902, "USD": 0.0, "ETH": 2.765250152363012, "EUR": 460.3438868}}, {"date": "20201001", "timestamp": 1601544780, "side": "sell", "size": 0.8179129019158902, "price": 10897.09, "product": "BTC-USD", "holdings": {"BTC": 0.0, "USD": 8896.827337430817, "ETH": 2.765250152363012, "EUR": 460.3438868}}, {"date": "20201001", "timestamp": 1601545680, "side": "buy", "size": 0.8161657845352817, "price": 10900.76, "product": "BTC-USD", "holdings": {"BTC": 0.8146966861231181, "USD": 0.0, "ETH": 2.765250152363012, "EUR": 460.3438868}}, {"date": "20201001", "timestamp": 1601549580, "side": "sell", "size": 0.8146966861231181, "price": 10861.02, "product": "BTC-USD", "holdings": {"BTC": 0.0, "USD": 8832.509815313457, "ETH": 2.765250152363012, "EUR": 460.3438868}}, {"date": "20201001", "timestamp": 1601549940, "side": "buy", "size": 0.8120989334749389, "price": 10872.4, "product": "BTC-USD", "holdings": {"BTC": 0.8109167522944237, "USD": 0.0, "ETH": 2.765250152363012, "EUR": 460.3438868}}, {"date": "20201001", "timestamp": 1601551680, "side": "sell", "size": 0.8109167522944237, "price": 10866.53, "product": "BTC-USD", "holdings": {"BTC": 0.0, "USD": 8795.989884120567, "ETH": 2.765250152363012, "EUR": 460.3438868}}, {"date": "20201001", "timestamp": 1601554680, "side": "buy", "size": 0.8091681807880813, "price": 10869.71, "product": "BTC-USD", "holdings": {"BTC": 0.8077636940018776, "USD": 0.0, "ETH": 2.765250152363012, "EUR": 460.3438868}}, {"date": "20201001", "timestamp": 1601555160, "side": "sell", "size": 0.8077636940018776, "price": 10875.9, "product": "BTC-USD", "holdings": {"BTC": 0.0, "USD": 8769.34387670775, "ETH": 2.765250152363012, "EUR": 460.3438868}}, {"date": "20201001", "timestamp": 1601556180, "side": "buy", "size": 0.8042192919504877, "price": 10895.83, "product": "BTC-USD", "holdings": {"BTC": 0.8033861631220086, "USD": 0.0, "ETH": 2.765250152363012, "EUR": 460.3438868}}, {"date": "20201001", "timestamp": 1601558220, "side": "sell", "size": 0.8033861631220086, "price": 10876.96, "product": "BTC-USD", "holdings": {"BTC": 0.0, "USD": 8722.670042342066, "ETH": 2.765250152363012, "EUR": 460.3438868}}, {"date": "20201001", "timestamp": 1601558880, "side": "buy", "size": 0.8022321385396916, "price": 10872.76, "product": "BTC-USD", "holdings": {"BTC": 0.8008057968966343, "USD": 0.0, "ETH": 2.765250152363012, "EUR": 460.3438868}}, {"date": "20201001", "timestamp": 1601558940, "side": "sell", "size": 0.8008057968966343, "price": 10872.61, "product": "BTC-USD", "holdings": {"BTC": 0.0, "USD": 8691.176786988603, "ETH": 2.765250152363012, "EUR": 460.3438868}}, {"date": "20201001", "timestamp": 1601559000, "side": "buy", "size": 0.7992805413945145, "price": 10872.48, "product": "BTC-USD", "holdings": {"BTC": 0.797935031269041, "USD": 0.0, "ETH": 2.765250152363012, "EUR": 460.3438868}}, {"date": "20201001", "timestamp": 1601559300, "side": "sell", "size": 0.797935031269041, "price": 10891.05, "product": "BTC-USD", "holdings": {"BTC": 0.0, "USD": 8674.707691722542, "ETH": 2.765250152363012, "EUR": 460.3438868}}, {"date": "20201001", "timestamp": 1601561220, "side": "buy", "size": 0.79920433342017, "price": 10850.29, "product": "BTC-USD", "holdings": {"BTC": 0.7980517772223085, "USD": 0.0, "ETH": 2.765250152363012, "EUR": 460.3438868}}, {"date": "20201001", "timestamp": 1601561820, "side": "sell", "size": 0.7980517772223085, "price": 10850.42, "product": "BTC-USD", "holdings": {"BTC": 0.0, "USD": 8643.610410072184, "ETH": 2.765250152363012, "EUR": 460.3438868}}, {"date": "20201001", "timestamp": 1601562240, "side": "buy", "size": 0.7964442569922079, "price": 10852.75, "product": "BTC-USD", "holdings": {"BTC": 0.795010657329622, "USD": 0.0, "ETH": 2.765250152363012, "EUR": 460.3438868}}, {"date": "20201001", "timestamp": 1601563500, "side": "sell", "size": 0.795010657329622, "price": 10867.33, "product": "BTC-USD", "holdings": {"BTC": 0.0, "USD": 8624.091809017827, "ETH": 2.765250152363012, "EUR": 460.3438868}}, {"date": "20201001", "timestamp": 1601564640, "side": "buy", "size": 0.7928989054560709, "price": 10876.66, "product": "BTC-USD", "holdings": {"BTC": 0.7914716874262498, "USD": 0.0, "ETH": 2.765250152363012, "EUR": 460.3438868}}, {"date": "20201001", "timestamp": 1601564760, "side": "sell", "size": 0.7914716874262498, "price": 10871.96, "product": "BTC-USD", "holdings": {"BTC": 0.0, "USD": 8589.359799482396, "ETH": 2.765250152363012, "EUR": 460.3438868}}, {"date": "20201001", "timestamp": 1601565360, "side": "buy", "size": 0.7894886140162961, "price": 10879.65, "product": "BTC-USD", "holdings": {"BTC": 0.7880675345110668, "USD": 0.0, "ETH": 2.765250152363012, "EUR": 460.3438868}}, {"date": "20201001", "timestamp": 1601565660, "side": "sell", "size": 0.7880675345110668, "price": 10880.29, "product": "BTC-USD", "holdings": {"BTC": 0.0, "USD": 8558.969389098298, "ETH": 2.765250152363012, "EUR": 460.3438868}}, {"date": "20201001", "timestamp": 1601565720, "side": "buy", "size": 0.786760371283309, "price": 10878.75, "product": "BTC-USD", "holdings": {"BTC": 0.7853442026149992, "USD": 0.0, "ETH": 2.765250152363012, "EUR": 460.3438868}}, {"date": "20201001", "timestamp": 1601566320, "side": "sell", "size": 0.7853442026149992, "price": 10882.67, "product": "BTC-USD", "holdings": {"BTC": 0.0, "USD": 8531.257838243922, "ETH": 2.765250152363012, "EUR": 460.3438868}}, {"date": "20201001", "timestamp": 1601567220, "side": "buy", "size": 0.7846999483300149, "price": 10868.33, "product": "BTC-USD", "holdings": {"BTC": 0.7835519876683062, "USD": 0.0, "ETH": 2.765250152363012, "EUR": 460.3438868}}, {"date": "20201001", "timestamp": 1601567640, "side": "sell", "size": 0.7835519876683062, "price": 10753.15, "product": "BTC-USD", "holdings": {"BTC": 0.0, "USD": 8410.485882494295, "ETH": 2.765250152363012, "EUR": 460.3438868}}, {"date": "20201001", "timestamp": 1601569320, "side": "buy", "size": 0.797606170563517, "price": 10536.6, "product": "BTC-USD", "holdings": {"BTC": 0.7967795121676635, "USD": 0.0, "ETH": 2.765250152363012, "EUR": 460.3438868}}, {"date": "20201001", "timestamp": 1601569500, "side": "sell", "size": 0.7967795121676635, "price": 10570.01, "product": "BTC-USD", "holdings": {"BTC": 0.0, "USD": 8406.807870066792, "ETH": 2.765250152363012, "EUR": 460.3438868}}, {"date": "20201001", "timestamp": 1601570700, "side": "buy", "size": 0.8023914685203563, "price": 10476.21, "product": "BTC-USD", "holdings": {"BTC": 0.8010220887038988, "USD": 0.0, "ETH": 2.765250152363012, "EUR": 460.3438868}}, {"date": "20201001", "timestamp": 1601571300, "side": "sell", "size": 0.8010220887038988, "price": 10522.78, "product": "BTC-USD", "holdings": {"BTC": 0.0, "USD": 8413.807051985383, "ETH": 2.765250152363012, "EUR": 460.3438868}}, {"date": "20201001", "timestamp": 1601571600, "side": "buy", "size": 0.800584519265792, "price": 10488.89, "product": "BTC-USD", "holdings": {"BTC": 0.8007198282460595, "USD": 0.0, "ETH": 2.765250152363012, "EUR": 460.3438868}}, {"date": "20201001", "timestamp": 1601571660, "side": "sell", "size": 0.8007198282460595, "price": 10483.36, "product": "BTC-USD", "holdings": {"BTC": 0.0, "USD": 8379.124597048056, "ETH": 2.765250152363012, "EUR": 460.3438868}}, {"date": "20201001", "timestamp": 1601571960, "side": "buy", "size": 0.7976320416038131, "price": 10500.59, "product": "BTC-USD", "holdings": {"BTC": 0.7965306875873994, "USD": 0.0, "ETH": 2.765250152363012, "EUR": 460.3438868}}, {"date": "20201001", "timestamp": 1601572080, "side": "sell", "size": 0.7965306875873994, "price": 10513.5, "product": "BTC-USD", "holdings": {"BTC": 0.0, "USD": 8359.251598259014, "ETH": 2.765250152363012, "EUR": 460.3438868}}, {"date": "20201001", "timestamp": 1601572920, "side": "buy", "size": 0.7953564151579403, "price": 10510.07, "product": "BTC-USD", "holdings": {"BTC": 0.793924773610656, "USD": 0.0, "ETH": 2.765250152363012, "EUR": 460.3438868}}, {"date": "20201001", "timestamp": 1601573280, "side": "sell", "size": 0.793924773610656, "price": 10505.62, "product": "BTC-USD", "holdings": {"BTC": 0.0, "USD": 8325.65877057533, "ETH": 2.765250152363012, "EUR": 460.3438868}}, {"date": "20201001", "timestamp": 1601573520, "side": "buy", "size": 0.791916788313406, "price": 10511.93, "product": "BTC-USD", "holdings": {"BTC": 0.7905943613388116, "USD": 0.0, "ETH": 2.765250152363012, "EUR": 460.3438868}}, {"date": "20201001", "timestamp": 1601573640, "side": "sell", "size": 0.7905943613388116, "price": 10516.24, "product": "BTC-USD", "holdings": {"BTC": 0.0, "USD": 8299.11470240199, "ETH": 2.765250152363012, "EUR": 460.3438868}}, {"date": "20201001", "timestamp": 1601574000, "side": "buy", "size": 0.7902022278845449, "price": 10502.52, "product": "BTC-USD", "holdings": {"BTC": 0.7887798638743526, "USD": 0.0, "ETH": 2.765250152363012, "EUR": 460.3438868}}, {"date": "20201001", "timestamp": 1601574060, "side": "sell", "size": 0.7887798638743526, "price": 10493.69, "product": "BTC-USD", "holdings": {"BTC": 0.0, "USD": 8262.312389274124, "ETH": 2.765250152363012, "EUR": 460.3438868}}, {"date": "20201001", "timestamp": 1601574420, "side": "buy", "size": 0.7865123645191932, "price": 10496.09, "product": "BTC-USD", "holdings": {"BTC": 0.7857631010188967, "USD": 0.0, "ETH": 2.765250152363012, "EUR": 460.3438868}}, {"date": "20201001", "timestamp": 1601574840, "side": "sell", "size": 0.7857631010188967, "price": 10492.89, "product": "BTC-USD", "holdings": {"BTC": 0.0, "USD": 8230.08491863708, "ETH": 2.765250152363012, "EUR": 460.3438868}}, {"date": "20201001", "timestamp": 1601575620, "side": "buy", "size": 0.7832916868804355, "price": 10507.05, "product": "BTC-USD", "holdings": {"BTC": 0.7818817618440508, "USD": 0.0, "ETH": 2.765250152363012, "EUR": 460.3438868}}, {"date": "20201001", "timestamp": 1601576580, "side": "sell", "size": 0.7818817618440508, "price": 10517.49, "product": "BTC-USD", "holdings": {"BTC": 0.0, "USD": 8208.631430876707, "ETH": 2.765250152363012, "EUR": 460.3438868}}, {"date": "20201001", "timestamp": 1601580180, "side": "buy", "size": 0.7736693148799912, "price": 10610.0, "product": "BTC-USD", "holdings": {"BTC": 0.7722767101132072, "USD": 0.0, "ETH": 2.765250152363012, "EUR": 460.3438868}}, {"date": "20201001", "timestamp": 1601580720, "side": "sell", "size": 0.7722767101132072, "price": 10578.06, "product": "BTC-USD", "holdings": {"BTC": 0.0, "USD": 8154.484835302987, "ETH": 2.765250152363012, "EUR": 460.3438868}}, {"date": "20201001", "timestamp": 1601580900, "side": "buy", "size": 0.7711475964116428, "price": 10574.48, "product": "BTC-USD", "holdings": {"BTC": 0.7697595307381018, "USD": 0.0, "ETH": 2.765250152363012, "EUR": 460.3438868}}, {"date": "20201001", "timestamp": 1601581320, "side": "sell", "size": 0.7697595307381018, "price": 10575.02, "product": "BTC-USD", "holdings": {"BTC": 0.0, "USD": 8125.570032367099, "ETH": 2.765250152363012, "EUR": 460.3438868}}, {"date": "20201001", "timestamp": 1601581560, "side": "buy", "size": 0.7683739635827732, "price": 10574.99, "product": "BTC-USD", "holdings": {"BTC": 0.766993066311064, "USD": 0.0, "ETH": 2.765250152363012, "EUR": 460.3438868}}, {"date": "20201001", "timestamp": 1601582040, "side": "sell", "size": 0.766993066311064, "price": 10577.61, "product": "BTC-USD", "holdings": {"BTC": 0.0, "USD": 8098.350211791918, "ETH": 2.765250152363012, "EUR": 460.3438868}}, {"date": "20201001", "timestamp": 1601582760, "side": "buy", "size": 0.7662717082911326, "price": 10568.2, "product": "BTC-USD", "holdings": {"BTC": 0.7649148560219046, "USD": 0.0, "ETH": 2.765250152363012, "EUR": 460.3438868}}, {"date": "20201001", "timestamp": 1601583360, "side": "sell", "size": 0.7649148560219046, "price": 10579.71, "product": "BTC-USD", "holdings": {"BTC": 0.0, "USD": 8078.010712170978, "ETH": 2.765250152363012, "EUR": 460.3438868}}, {"date": "20201001", "timestamp": 1601584680, "side": "buy", "size": 0.7634196687729805, "price": 10570.57, "product": "BTC-USD", "holdings": {"BTC": 0.7628226569512401, "USD": 0.0, "ETH": 2.765250152363012, "EUR": 460.3438868}}, {"date": "20201001", "timestamp": 1601585340, "side": "sell", "size": 0.7628226569512401, "price": 10584.89, "product": "BTC-USD", "holdings": {"BTC": 0.0, "USD": 8059.8600042926055, "ETH": 2.765250152363012, "EUR": 460.3438868}}, {"date": "20201001", "timestamp": 1601586360, "side": "buy", "size": 0.7591902712967973, "price": 10615.67, "product": "BTC-USD", "holdings": {"BTC": 0.7578751276447816, "USD": 0.0, "ETH": 2.765250152363012, "EUR": 460.3438868}}, {"date": "20201001", "timestamp": 1601586480, "side": "sell", "size": 0.7578751276447816, "price": 10610.24, "product": "BTC-USD", "holdings": {"BTC": 0.0, "USD": 8026.762767751952, "ETH": 2.765250152363012, "EUR": 460.3438868}}, {"date": "20201001", "timestamp": 1601587740, "side": "buy", "size": 0.7562023490119668, "price": 10614.57, "product": "BTC-USD", "holdings": {"BTC": 0.7548411847837453, "USD": 0.0, "ETH": 2.765250152363012, "EUR": 460.3438868}}, {"date": "20201001", "timestamp": 1601588760, "side": "sell", "size": 0.7548411847837453, "price": 10607.91, "product": "BTC-USD", "holdings": {"BTC": 0.0, "USD": 7992.874235244876, "ETH": 2.765250152363012, "EUR": 460.3438868}}, {"date": "20201001", "timestamp": 1601589300, "side": "buy", "size": 0.7527132887811537, "price": 10600.05, "product": "BTC-USD", "holdings": {"BTC": 0.7526839082477381, "USD": 0.0, "ETH": 2.765250152363012, "EUR": 460.3438868}}, {"date": "20201001", "timestamp": 1601591100, "side": "sell", "size": 0.7526839082477381, "price": 10622.05, "product": "BTC-USD", "holdings": {"BTC": 0.0, "USD": 7980.655024609201, "ETH": 2.765250152363012, "EUR": 460.3438868}}, {"date": "20201001", "timestamp": 1601591520, "side": "buy", "size": 0.7519293719840922, "price": 10607.25, "product": "BTC-USD", "holdings": {"BTC": 0.7510231064191855, "USD": 0.0, "ETH": 2.765250152363012, "EUR": 460.3438868}}, {"date": "20201001", "timestamp": 1601593440, "side": "sell", "size": 0.7510231064191855, "price": 10603.23, "product": "BTC-USD", "holdings": {"BTC": 0.0, "USD": 7948.93684535828, "ETH": 2.765250152363012, "EUR": 460.3438868}}, {"date": "20201001", "timestamp": 1601594040, "side": "buy", "size": 0.7498388664087895, "price": 10600.2, "product": "BTC-USD", "holdings": {"BTC": 0.7485357596117653, "USD": 0.0, "ETH": 2.765250152363012, "EUR": 460.3438868}}, {"date": "20201001", "timestamp": 1601594100, "side": "sell", "size": 0.7485357596117653, "price": 10596.71, "product": "BTC-USD", "holdings": {"BTC": 0.0, "USD": 7917.7387397709645, "ETH": 2.765250152363012, "EUR": 460.3438868}}, {"date": "20201001", "timestamp": 1601595240, "side": "buy", "size": 0.7465965689908888, "price": 10604.01, "product": "BTC-USD", "holdings": {"BTC": 0.7453300034646683, "USD": 0.0, "ETH": 2.765250152363012, "EUR": 460.3438868}}, {"date": "20201002", "timestamp": 1601597040, "side": "sell", "size": 0.7453300034646683, "price": 10595.85, "product": "BTC-USD", "holdings": {"BTC": 0.0, "USD": 7883.189588360125, "ETH": 2.765250152363012, "EUR": 460.3438868}}, {"date": "20201002", "timestamp": 1601597460, "side": "buy", "size": 0.7441878737356167, "price": 10587.74, "product": "BTC-USD", "holdings": {"BTC": 0.7432180849832992, "USD": 0.0, "ETH": 2.765250152363012, "EUR": 460.3438868}}, {"date": "20201002", "timestamp": 1601597520, "side": "sell", "size": 0.7432180849832992, "price": 10584.33, "product": "BTC-USD", "holdings": {"BTC": 0.0, "USD": 7852.305835579107, "ETH": 2.765250152363012, "EUR": 460.3438868}}, {"date": "20201002", "timestamp": 1601597880, "side": "buy", "size": 0.7400951412722795, "price": 10605.51, "product": "BTC-USD", "holdings": {"BTC": 0.7390659841040237, "USD": 0.0, "ETH": 2.765250152363012, "EUR": 460.3438868}}, {"date": "20201002", "timestamp": 1601598600, "side": "sell", "size": 0.7390659841040237, "price": 10608.99, "product": "BTC-USD", "holdings": {"BTC": 0.0, "USD": 7826.6302961572865, "ETH": 2.765250152363012, "EUR": 460.3438868}}, {"date": "20201002", "timestamp": 1601599680, "side": "buy", "size": 0.7385682871669974, "price": 10597.0, "product": "BTC-USD", "holdings": {"BTC": 0.7372409513658774, "USD": 0.0, "ETH": 2.765250152363012, "EUR": 460.3438868}}, {"date": "20201002", "timestamp": 1601599920, "side": "sell", "size": 0.7372409513658774, "price": 10597.0, "product": "BTC-USD", "holdings": {"BTC": 0.0, "USD": 7798.47978537328, "ETH": 2.765250152363012, "EUR": 460.3438868}}, {"date": "20201002", "timestamp": 1601601120, "side": "buy", "size": 0.7347740021494709, "price": 10610.82, "product": "BTC-USD", "holdings": {"BTC": 0.7336325111310538, "USD": 0.0, "ETH": 2.765250152363012, "EUR": 460.3438868}}, {"date": "20201002", "timestamp": 1601601240, "side": "sell", "size": 0.7336325111310538, "price": 10611.47, "product": "BTC-USD", "holdings": {"BTC": 0.0, "USD": 7770.906528002637, "ETH": 2.765250152363012, "EUR": 460.3438868}}, {"date": "20201002", "timestamp": 1601601360, "side": "buy", "size": 0.7318905558519585, "price": 10617.58, "product": "BTC-USD", "holdings": {"BTC": 0.7305731528514249, "USD": 0.0, "ETH": 2.765250152363012, "EUR": 460.3438868}}, {"date": "20201002", "timestamp": 1601602320, "side": "sell", "size": 0.7305731528514249, "price": 10602.96, "product": "BTC-USD", "holdings": {"BTC": 0.0, "USD": 7732.29468850738, "ETH": 2.765250152363012, "EUR": 460.3438868}}, {"date": "20201002", "timestamp": 1601602680, "side": "buy", "size": 0.7291563428627423, "price": 10601.5, "product": "BTC-USD", "holdings": {"BTC": 0.7280457065573802, "USD": 0.0, "ETH": 2.765250152363012, "EUR": 460.3438868}}, {"date": "20201002", "timestamp": 1601602860, "side": "sell", "size": 0.7280457065573802, "price": 10597.58, "product": "BTC-USD", "holdings": {"BTC": 0.0, "USD": 7701.634678184344, "ETH": 2.765250152363012, "EUR": 460.3438868}}, {"date": "20201002", "timestamp": 1601604240, "side": "buy", "size": 0.7268874939770186, "price": 10591.28, "product": "BTC-USD", "holdings": {"BTC": 0.725858605925215, "USD": 0.0, "ETH": 2.765250152363012, "EUR": 460.3438868}}, {"date": "20201002", "timestamp": 1601604300, "side": "sell", "size": 0.725858605925215, "price": 10590.96, "product": "BTC-USD", "holdings": {"BTC": 0.0, "USD": 7673.701889979898, "ETH": 2.765250152363012, "EUR": 460.3438868}}, {"date": "20201002", "timestamp": 1601604420, "side": "buy", "size": 0.7241964909910664, "price": 10592.03, "product": "BTC-USD", "holdings": {"BTC": 0.723174804695411, "USD": 0.0, "ETH": 2.765250152363012, "EUR": 460.3438868}}, {"date": "20201002", "timestamp": 1601607180, "side": "sell", "size": 0.723174804695411, "price": 10598.54, "product": "BTC-USD", "holdings": {"BTC": 0.0, "USD": 7650.8008197863, "ETH": 2.765250152363012, "EUR": 460.3438868}}, {"date": "20201002", "timestamp": 1601609760, "side": "buy", "size": 0.7201709421943335, "price": 10618.0, "product": "BTC-USD", "holdings": {"BTC": 0.7192530964692677, "USD": 0.0, "ETH": 2.765250152363012, "EUR": 460.3438868}}, {"date": "20201002", "timestamp": 1601610060, "side": "sell", "size": 0.7192530964692677, "price": 10614.24, "product": "BTC-USD", "holdings": {"BTC": 0.0, "USD": 7620.583201691958, "ETH": 2.765250152363012, "EUR": 460.3438868}}, {"date": "20201002", "timestamp": 1601610240, "side": "buy", "size": 0.7181891710348727, "price": 10606.94, "product": "BTC-USD", "holdings": {"BTC": 0.7171593458555353, "USD": 0.0, "ETH": 2.765250152363012, "EUR": 460.3438868}}, {"date": "20201002", "timestamp": 1601611500, "side": "sell", "size": 0.7171593458555353, "price": 10637.55, "product": "BTC-USD", "holdings": {"BTC": 0.0, "USD": 7615.086526386439, "ETH": 2.765250152363012, "EUR": 460.3438868}}, {"date": "20201002", "timestamp": 1601611920, "side": "buy", "size": 0.7152935372001427, "price": 10645.47, "product": "BTC-USD", "holdings": {"BTC": 0.7140482637815845, "USD": 0.0, "ETH": 2.765250152363012, "EUR": 460.3438868}}, {"date": "20201002", "timestamp": 1601612100, "side": "sell", "size": 0.7140482637815845, "price": 10644.25, "product": "BTC-USD", "holdings": {"BTC": 0.0, "USD": 7586.827316939967, "ETH": 2.765250152363012, "EUR": 460.3438868}}, {"date": "20201002", "timestamp": 1601614680, "side": "buy", "size": 0.7149283987614002, "price": 10600.97, "product": "BTC-USD", "holdings": {"BTC": 0.7143847240176584, "USD": 0.0, "ETH": 2.765250152363012, "EUR": 460.3438868}}, {"date": "20201002", "timestamp": 1601615400, "side": "sell", "size": 0.7143847240176584, "price": 10499.28, "product": "BTC-USD", "holdings": {"BTC": 0.0, "USD": 7487.02429974279, "ETH": 2.765250152363012, "EUR": 460.3438868}}, {"date": "20201002", "timestamp": 1601616600, "side": "buy", "size": 0.7185568158777593, "price": 10398.05, "product": "BTC-USD", "holdings": {"BTC": 0.7187451162480709, "USD": 0.0, "ETH": 2.765250152363012, "EUR": 460.3438868}}, {"date": "20201002", "timestamp": 1601617980, "side": "sell", "size": 0.7187451162480709, "price": 10435.49, "product": "BTC-USD", "holdings": {"BTC": 0.0, "USD": 7486.956649703901, "ETH": 2.765250152363012, "EUR": 460.3438868}}, {"date": "20201002", "timestamp": 1601619480, "side": "buy", "size": 0.7151371395594246, "price": 10467.84, "product": "BTC-USD", "holdings": {"BTC": 0.7139467290037328, "USD": 0.0, "ETH": 2.765250152363012, "EUR": 460.3438868}}, {"date": "20201002", "timestamp": 1601620920, "side": "sell", "size": 0.7139467290037328, "price": 10504.74, "product": "BTC-USD", "holdings": {"BTC": 0.0, "USD": 7486.32507746301, "ETH": 2.765250152363012, "EUR": 460.3438868}}, {"date": "20201002", "timestamp": 1601621040, "side": "buy", "size": 0.711966246073515, "price": 10507.79, "product": "BTC-USD", "holdings": {"BTC": 0.7111723485455624, "USD": 0.0, "ETH": 2.765250152363012, "EUR": 460.3438868}}, {"date": "20201002", "timestamp": 1601621220, "side": "sell", "size": 0.7111723485455624, "price": 10525.35, "product": "BTC-USD", "holdings": {"BTC": 0.0, "USD": 7471.86427058226, "ETH": 2.765250152363012, "EUR": 460.3438868}}, {"date": "20201002", "timestamp": 1601621640, "side": "buy", "size": 0.7110393210918782, "price": 10506.0, "product": "BTC-USD", "holdings": {"BTC": 0.7099195616690664, "USD": 0.0, "ETH": 2.765250152363012, "EUR": 460.3438868}}, {"date": "20201002", "timestamp": 1601621700, "side": "sell", "size": 0.7099195616690664, "price": 10495.39, "product": "BTC-USD", "holdings": {"BTC": 0.0, "USD": 7437.47107954288, "ETH": 2.765250152363012, "EUR": 460.3438868}}, {"date": "20201002", "timestamp": 1601622420, "side": "buy", "size": 0.7078337471263388, "price": 10496.93, "product": "BTC-USD", "holdings": {"BTC": 0.7072623740083722, "USD": 0.0, "ETH": 2.765250152363012, "EUR": 460.3438868}}, {"date": "20201002", "timestamp": 1601623440, "side": "sell", "size": 0.7072623740083722, "price": 10498.36, "product": "BTC-USD", "holdings": {"BTC": 0.0, "USD": 7411.729845764305, "ETH": 2.765250152363012, "EUR": 460.3438868}}, {"date": "20201002", "timestamp": 1601624220, "side": "buy", "size": 0.7059563519589578, "price": 10498.85, "product": "BTC-USD", "holdings": {"BTC": 0.7046856305254318, "USD": 0.0, "ETH": 2.765250152363012, "EUR": 460.3438868}}, {"date": "20201002", "timestamp": 1601625660, "side": "sell", "size": 0.7046856305254318, "price": 10484.14, "product": "BTC-USD", "holdings": {"BTC": 0.0, "USD": 7374.724365365349, "ETH": 2.765250152363012, "EUR": 460.3438868}}, {"date": "20201002", "timestamp": 1601627160, "side": "buy", "size": 0.7035702027469694, "price": 10476.21, "product": "BTC-USD", "holdings": {"BTC": 0.7026825408719081, "USD": 0.0, "ETH": 2.765250152363012, "EUR": 460.3438868}}, {"date": "20201002", "timestamp": 1601627280, "side": "sell", "size": 0.7026825408719081, "price": 10484.78, "product": "BTC-USD", "holdings": {"BTC": 0.0, "USD": 7354.210401551375, "ETH": 2.765250152363012, "EUR": 460.3438868}}, {"date": "20201002", "timestamp": 1601628420, "side": "buy", "size": 0.702915419495966, "price": 10462.44, "product": "BTC-USD", "holdings": {"BTC": 0.7016501717408733, "USD": 0.0, "ETH": 2.765250152363012, "EUR": 460.3438868}}, {"date": "20201002", "timestamp": 1601628780, "side": "sell", "size": 0.7016501717408733, "price": 10463.87, "product": "BTC-USD", "holdings": {"BTC": 0.0, "USD": 7328.760625445539, "ETH": 2.765250152363012, "EUR": 460.3438868}}, {"date": "20201002", "timestamp": 1601629680, "side": "buy", "size": 0.6992178146030088, "price": 10478.01, "product": "BTC-USD", "holdings": {"BTC": 0.6981830382219273, "USD": 0.0, "ETH": 2.765250152363012, "EUR": 460.3438868}}, {"date": "20201002", "timestamp": 1601630580, "side": "sell", "size": 0.6981830382219273, "price": 10436.56, "product": "BTC-USD", "holdings": {"BTC": 0.0, "USD": 7273.5132368805425, "ETH": 2.765250152363012, "EUR": 460.3438868}}, {"date": "20201002", "timestamp": 1601632080, "side": "buy", "size": 0.6958501857778892, "price": 10447.95, "product": "BTC-USD", "holdings": {"BTC": 0.6949134435993815, "USD": 0.0, "ETH": 2.765250152363012, "EUR": 460.3438868}}, {"date": "20201002", "timestamp": 1601633340, "side": "sell", "size": 0.6949134435993815, "price": 10454.68, "product": "BTC-USD", "holdings": {"BTC": 0.0, "USD": 7252.020504704628, "ETH": 2.765250152363012, "EUR": 460.3438868}}, {"date": "20201002", "timestamp": 1601634480, "side": "buy", "size": 0.6950474182305312, "price": 10430.08, "product": "BTC-USD", "holdings": {"BTC": 0.6940471087274652, "USD": 0.0, "ETH": 2.765250152363012, "EUR": 460.3438868}}, {"date": "20201002", "timestamp": 1601635200, "side": "sell", "size": 0.6940471087274652, "price": 10451.49, "product": "BTC-USD", "holdings": {"BTC": 0.0, "USD": 7240.769528844507, "ETH": 2.765250152363012, "EUR": 460.3438868}}, {"date": "20201002", "timestamp": 1601635680, "side": "buy", "size": 0.6930876192524357, "price": 10446.57, "product": "BTC-USD", "holdings": {"BTC": 0.6918764861282303, "USD": 0.0, "ETH": 2.765250152363012, "EUR": 460.3438868}}, {"date": "20201002", "timestamp": 1601636340, "side": "sell", "size": 0.6918764861282303, "price": 10462.44, "product": "BTC-USD", "holdings": {"BTC": 0.0, "USD": 7225.686534325092, "ETH": 2.765250152363012, "EUR": 460.3438868}}, {"date": "20201002", "timestamp": 1601637900, "side": "buy", "size": 0.6912508427508397, "price": 10451.91, "product": "BTC-USD", "holdings": {"BTC": 0.6900825110973312, "USD": 0.0, "ETH": 2.765250152363012, "EUR": 460.3438868}}, {"date": "20201002", "timestamp": 1601638020, "side": "sell", "size": 0.6900825110973312, "price": 10455.17, "product": "BTC-USD", "holdings": {"BTC": 0.0, "USD": 7201.943093607895, "ETH": 2.765250152363012, "EUR": 460.3438868}}, {"date": "20201002", "timestamp": 1601638080, "side": "buy", "size": 0.6888001749853091, "price": 10454.6, "product": "BTC-USD", "holdings": {"BTC": 0.6876379389014788, "USD": 0.0, "ETH": 2.765250152363012, "EUR": 460.3438868}}, {"date": "20201002", "timestamp": 1601638920, "side": "sell", "size": 0.6876379389014788, "price": 10459.06, "product": "BTC-USD", "holdings": {"BTC": 0.0, "USD": 7179.100777616656, "ETH": 2.765250152363012, "EUR": 460.3438868}}, {"date": "20201002", "timestamp": 1601639220, "side": "buy", "size": 0.6865524797993119, "price": 10451.31, "product": "BTC-USD", "holdings": {"BTC": 0.6856727430548847, "USD": 0.0, "ETH": 2.765250152363012, "EUR": 460.3438868}}, {"date": "20201002", "timestamp": 1601639460, "side": "sell", "size": 0.6856727430548847, "price": 10456.25, "product": "BTC-USD", "holdings": {"BTC": 0.0, "USD": 7156.660401452416, "ETH": 2.765250152363012, "EUR": 460.3438868}}, {"date": "20201002", "timestamp": 1601640960, "side": "buy", "size": 0.6822585671463534, "price": 10488.05, "product": "BTC-USD", "holdings": {"BTC": 0.68113504538306, "USD": 0.0, "ETH": 2.765250152363012, "EUR": 460.3438868}}, {"date": "20201002", "timestamp": 1601641020, "side": "sell", "size": 0.68113504538306, "price": 10487.36, "product": "BTC-USD", "holdings": {"BTC": 0.0, "USD": 7130.450474375301, "ETH": 2.765250152363012, "EUR": 460.3438868}}, {"date": "20201002", "timestamp": 1601642400, "side": "buy", "size": 0.6806950167657384, "price": 10470.22, "product": "BTC-USD", "holdings": {"BTC": 0.6797961899101859, "USD": 0.0, "ETH": 2.765250152363012, "EUR": 460.3438868}}, {"date": "20201002", "timestamp": 1601642520, "side": "sell", "size": 0.6797961899101859, "price": 10463.13, "product": "BTC-USD", "holdings": {"BTC": 0.0, "USD": 7099.992875899599, "ETH": 2.765250152363012, "EUR": 460.3438868}}, {"date": "20201002", "timestamp": 1601643180, "side": "buy", "size": 0.6771842912066672, "price": 10479.33, "product": "BTC-USD", "holdings": {"BTC": 0.676304008817642, "USD": 0.0, "ETH": 2.765250152363012, "EUR": 460.3438868}}, {"date": "20201002", "timestamp": 1601643780, "side": "sell", "size": 0.676304008817642, "price": 10474.56, "product": "BTC-USD", "holdings": {"BTC": 0.0, "USD": 7071.235742147438, "ETH": 2.765250152363012, "EUR": 460.3438868}}, {"date": "20201002", "timestamp": 1601644740, "side": "buy", "size": 0.6765010764865057, "price": 10451.48, "product": "BTC-USD", "holdings": {"BTC": 0.6753596158449878, "USD": 0.0, "ETH": 2.765250152363012, "EUR": 460.3438868}}, {"date": "20201002", "timestamp": 1601644920, "side": "sell", "size": 0.6753596158449878, "price": 10455.82, "product": "BTC-USD", "holdings": {"BTC": 0.0, "USD": 7048.72798910296, "ETH": 2.765250152363012, "EUR": 460.3438868}}, {"date": "20201002", "timestamp": 1601645760, "side": "buy", "size": 0.6729314353977084, "price": 10469.01, "product": "BTC-USD", "holdings": {"BTC": 0.6720826781828056, "USD": 0.0, "ETH": 2.765250152363012, "EUR": 460.3438868}}, {"date": "20201002", "timestamp": 1601646420, "side": "sell", "size": 0.6720826781828056, "price": 10560.33, "product": "BTC-USD", "holdings": {"BTC": 0.0, "USD": 7084.639522130219, "ETH": 2.765250152363012, "EUR": 460.3438868}}, {"date": "20201002", "timestamp": 1601646720, "side": "buy", "size": 0.6720923315087622, "price": 10539.64, "product": "BTC-USD", "holdings": {"BTC": 0.6709799548172789, "USD": 0.0, "ETH": 2.765250152363012, "EUR": 460.3438868}}, {"date": "20201002", "timestamp": 1601649180, "side": "sell", "size": 0.6709799548172789, "price": 10522.26, "product": "BTC-USD", "holdings": {"BTC": 0.0, "USD": 7047.517133404785, "ETH": 2.765250152363012, "EUR": 460.3438868}}, {"date": "20201002", "timestamp": 1601649540, "side": "buy", "size": 0.6699810374584595, "price": 10514.26, "product": "BTC-USD", "holdings": {"BTC": 0.6690752941780646, "USD": 0.0, "ETH": 2.765250152363012, "EUR": 460.3438868}}, {"date": "20201002", "timestamp": 1601650500, "side": "sell", "size": 0.6690752941780646, "price": 10527.72, "product": "BTC-USD", "holdings": {"BTC": 0.0, "USD": 7031.15844878345, "ETH": 2.765250152363012, "EUR": 460.3438868}}, {"date": "20201002", "timestamp": 1601651280, "side": "buy", "size": 0.6677155685789925, "price": 10526.8, "product": "BTC-USD", "holdings": {"BTC": 0.6667270550951514, "USD": 0.0, "ETH": 2.765250152363012, "EUR": 460.3438868}}, {"date": "20201002", "timestamp": 1601651820, "side": "sell", "size": 0.6667270550951514, "price": 10529.61, "product": "BTC-USD", "holdings": {"BTC": 0.0, "USD": 7007.739190040576, "ETH": 2.765250152363012, "EUR": 460.3438868}}, {"date": "20201002", "timestamp": 1601651880, "side": "buy", "size": 0.6655237861469959, "price": 10529.66, "product": "BTC-USD", "holdings": {"BTC": 0.6643258433319313, "USD": 0.0, "ETH": 2.765250152363012, "EUR": 460.3438868}}, {"date": "20201002", "timestamp": 1601652060, "side": "sell", "size": 0.6643258433319313, "price": 10538.56, "product": "BTC-USD", "holdings": {"BTC": 0.0, "USD": 6988.43589153705, "ETH": 2.765250152363012, "EUR": 460.3438868}}, {"date": "20201002", "timestamp": 1601652300, "side": "buy", "size": 0.6637762878657572, "price": 10528.3, "product": "BTC-USD", "holdings": {"BTC": 0.6625814905475987, "USD": 0.0, "ETH": 2.765250152363012, "EUR": 460.3438868}}, {"date": "20201002", "timestamp": 1601652720, "side": "sell", "size": 0.6625814905475987, "price": 10530.71, "product": "BTC-USD", "holdings": {"BTC": 0.0, "USD": 6964.894111973519, "ETH": 2.765250152363012, "EUR": 460.3438868}}, {"date": "20201002", "timestamp": 1601654160, "side": "buy", "size": 0.6617979620278519, "price": 10510.01, "product": "BTC-USD", "holdings": {"BTC": 0.6614986382098559, "USD": 0.0, "ETH": 2.765250152363012, "EUR": 460.3438868}}, {"date": "20201002", "timestamp": 1601654400, "side": "sell", "size": 0.6614986382098559, "price": 10505.3, "product": "BTC-USD", "holdings": {"BTC": 0.0, "USD": 6936.733009026823, "ETH": 2.765250152363012, "EUR": 460.3438868}}, {"date": "20201002", "timestamp": 1601655180, "side": "buy", "size": 0.6578220018043455, "price": 10545.0, "product": "BTC-USD", "holdings": {"BTC": 0.6566379222010976, "USD": 0.0, "ETH": 2.765250152363012, "EUR": 460.3438868}}, {"date": "20201002", "timestamp": 1601657820, "side": "sell", "size": 0.6566379222010976, "price": 10546.85, "product": "BTC-USD", "holdings": {"BTC": 0.0, "USD": 6912.995838761067, "ETH": 2.765250152363012, "EUR": 460.3438868}}, {"date": "20201002", "timestamp": 1601659680, "side": "buy", "size": 0.6547277985070973, "price": 10556.62, "product": "BTC-USD", "holdings": {"BTC": 0.6536706300171169, "USD": 0.0, "ETH": 2.765250152363012, "EUR": 460.3438868}}, {"date": "20201002", "timestamp": 1601660760, "side": "sell", "size": 0.6536706300171169, "price": 10528.95, "product": "BTC-USD", "holdings": {"BTC": 0.0, "USD": 6870.07694223487, "ETH": 2.765250152363012, "EUR": 460.3438868}}, {"date": "20201002", "timestamp": 1601662500, "side": "buy", "size": 0.6510341511666241, "price": 10548.95, "product": "BTC-USD", "holdings": {"BTC": 0.6500846817682184, "USD": 0.0, "ETH": 2.765250152363012, "EUR": 460.3438868}}, {"date": "20201002", "timestamp": 1601663160, "side": "sell", "size": 0.6500846817682184, "price": 10543.58, "product": "BTC-USD", "holdings": {"BTC": 0.0, "USD": 6841.882253269557, "ETH": 2.765250152363012, "EUR": 460.3438868}}, {"date": "20201002", "timestamp": 1601663460, "side": "buy", "size": 0.6488652963255837, "price": 10541.71, "product": "BTC-USD", "holdings": {"BTC": 0.6478613873094282, "USD": 0.0, "ETH": 2.765250152363012, "EUR": 460.3438868}}, {"date": "20201002", "timestamp": 1601665200, "side": "sell", "size": 0.6478613873094282, "price": 10545.13, "product": "BTC-USD", "holdings": {"BTC": 0.0, "USD": 6819.485342566186, "ETH": 2.765250152363012, "EUR": 460.3438868}}, {"date": "20201002", "timestamp": 1601665500, "side": "buy", "size": 0.6465076323583653, "price": 10546.18, "product": "BTC-USD", "holdings": {"BTC": 0.6454669149350349, "USD": 0.0, "ETH": 2.765250152363012, "EUR": 460.3438868}}, {"date": "20201002", "timestamp": 1601665980, "side": "sell", "size": 0.6454669149350349, "price": 10526.38, "product": "BTC-USD", "holdings": {"BTC": 0.0, "USD": 6782.200049990592, "ETH": 2.765250152363012, "EUR": 460.3438868}}, {"date": "20201002", "timestamp": 1601667000, "side": "buy", "size": 0.6434724905114413, "price": 10525.0, "product": "BTC-USD", "holdings": {"BTC": 0.6432296522470887, "USD": 0.0, "ETH": 2.765250152363012, "EUR": 460.3438868}}, {"date": "20201002", "timestamp": 1601667300, "side": "sell", "size": 0.6432296522470887, "price": 10534.99, "product": "BTC-USD", "holdings": {"BTC": 0.0, "USD": 6764.22040180913, "ETH": 2.765250152363012, "EUR": 460.3438868}}, {"date": "20201002", "timestamp": 1601668320, "side": "buy", "size": 0.6421760744809907, "price": 10531.96, "product": "BTC-USD", "holdings": {"BTC": 0.6411004983959181, "USD": 0.0, "ETH": 2.765250152363012, "EUR": 460.3438868}}, {"date": "20201002", "timestamp": 1601668860, "side": "sell", "size": 0.6411004983959181, "price": 10513.25, "product": "BTC-USD", "holdings": {"BTC": 0.0, "USD": 6727.917725094317, "ETH": 2.765250152363012, "EUR": 460.3438868}}, {"date": "20201002", "timestamp": 1601669040, "side": "buy", "size": 0.6394951771222096, "price": 10517.2, "product": "BTC-USD", "holdings": {"BTC": 0.6385546983217155, "USD": 0.0, "ETH": 2.765250152363012, "EUR": 460.3438868}}, {"date": "20201002", "timestamp": 1601669280, "side": "sell", "size": 0.6385546983217155, "price": 10512.77, "product": "BTC-USD", "holdings": {"BTC": 0.0, "USD": 6700.895314259006, "ETH": 2.765250152363012, "EUR": 460.3438868}}, {"date": "20201002", "timestamp": 1601669400, "side": "buy", "size": 0.6369890332995242, "price": 10518.13, "product": "BTC-USD", "holdings": {"BTC": 0.6359337356253765, "USD": 0.0, "ETH": 2.765250152363012, "EUR": 460.3438868}}, {"date": "20201002", "timestamp": 1601669460, "side": "sell", "size": 0.6359337356253765, "price": 10517.74, "product": "BTC-USD", "holdings": {"BTC": 0.0, "USD": 6676.546234297081, "ETH": 2.765250152363012, "EUR": 460.3438868}}, {"date": "20201002", "timestamp": 1601669520, "side": "buy", "size": 0.63459236140073, "price": 10521.0, "product": "BTC-USD", "holdings": {"BTC": 0.6334500951502088, "USD": 0.0, "ETH": 2.765250152363012, "EUR": 460.3438868}}, {"date": "20201002", "timestamp": 1601670000, "side": "sell", "size": 0.6334500951502088, "price": 10539.16, "product": "BTC-USD", "holdings": {"BTC": 0.0, "USD": 6664.015047374628, "ETH": 2.765250152363012, "EUR": 460.3438868}}, {"date": "20201002", "timestamp": 1601671320, "side": "buy", "size": 0.631322690748702, "price": 10553.07, "product": "BTC-USD", "holdings": {"BTC": 0.6303397798260936, "USD": 0.0, "ETH": 2.765250152363012, "EUR": 460.3438868}}, {"date": "20201002", "timestamp": 1601672880, "side": "sell", "size": 0.6303397798260936, "price": 10547.57, "product": "BTC-USD", "holdings": {"BTC": 0.0, "USD": 6636.585556187609, "ETH": 2.765250152363012, "EUR": 460.3438868}}, {"date": "20201002", "timestamp": 1601672940, "side": "buy", "size": 0.6291127180454491, "price": 10547.7, "product": "BTC-USD", "holdings": {"BTC": 0.6280648579487917, "USD": 0.0, "ETH": 2.765250152363012, "EUR": 460.3438868}}, {"date": "20201002", "timestamp": 1601673060, "side": "sell", "size": 0.6280648579487917, "price": 10546.95, "product": "BTC-USD", "holdings": {"BTC": 0.0, "USD": 6612.245149966631, "ETH": 2.765250152363012, "EUR": 460.3438868}}, {"date": "20201002", "timestamp": 1601674740, "side": "buy", "size": 0.6276627595792036, "price": 10534.3, "product": "BTC-USD", "holdings": {"BTC": 0.626557351575016, "USD": 0.0, "ETH": 2.765250152363012, "EUR": 460.3438868}}, {"date": "20201002", "timestamp": 1601674860, "side": "sell", "size": 0.626557351575016, "price": 10534.35, "product": "BTC-USD", "holdings": {"BTC": 0.0, "USD": 6588.493762578455, "ETH": 2.765250152363012, "EUR": 460.3438868}}, {"date": "20201002", "timestamp": 1601675340, "side": "buy", "size": 0.6276668853915913, "price": 10486.32, "product": "BTC-USD", "holdings": {"BTC": 0.6271632444752606, "USD": 0.0, "ETH": 2.765250152363012, "EUR": 460.3438868}}, {"date": "20201002", "timestamp": 1601677620, "side": "sell", "size": 0.6271632444752606, "price": 10521.0, "product": "BTC-USD", "holdings": {"BTC": 0.0, "USD": 6586.507403032993, "ETH": 2.765250152363012, "EUR": 460.3438868}}, {"date": "20201002", "timestamp": 1601678280, "side": "buy", "size": 0.6232849300853278, "price": 10566.89, "product": "BTC-USD", "holdings": {"BTC": 0.622193634050088, "USD": 0.0, "ETH": 2.765250152363012, "EUR": 460.3438868}}, {"date": "20201002", "timestamp": 1601678760, "side": "sell", "size": 0.622193634050088, "price": 10558.23, "product": "BTC-USD", "holdings": {"BTC": 0.0, "USD": 6557.4388185495545, "ETH": 2.765250152363012, "EUR": 460.3438868}}, {"date": "20201002", "timestamp": 1601678820, "side": "buy", "size": 0.6210430987142943, "price": 10556.32, "product": "BTC-USD", "holdings": {"BTC": 0.620067924113343, "USD": 0.0, "ETH": 2.765250152363012, "EUR": 460.3438868}}, {"date": "20201002", "timestamp": 1601679060, "side": "sell", "size": 0.620067924113343, "price": 10553.1, "product": "BTC-USD", "holdings": {"BTC": 0.0, "USD": 6531.860260102591, "ETH": 2.765250152363012, "EUR": 460.3438868}}, {"date": "20201002", "timestamp": 1601679180, "side": "buy", "size": 0.618313163584115, "price": 10564.0, "product": "BTC-USD", "holdings": {"BTC": 0.6172001998896637, "USD": 0.0, "ETH": 2.765250152363012, "EUR": 460.3438868}}, {"date": "20201002", "timestamp": 1601680440, "side": "sell", "size": 0.6172001998896637, "price": 10561.9, "product": "BTC-USD", "holdings": {"BTC": 0.0, "USD": 6507.072938990452, "ETH": 2.765250152363012, "EUR": 460.3438868}}, {"date": "20201002", "timestamp": 1601680560, "side": "buy", "size": 0.6154738763722399, "price": 10562.24, "product": "BTC-USD", "holdings": {"BTC": 0.6149604825965201, "USD": 0.0, "ETH": 2.765250152363012, "EUR": 460.3438868}}, {"date": "20201002", "timestamp": 1601680680, "side": "sell", "size": 0.6149604825965201, "price": 10566.98, "product": "BTC-USD", "holdings": {"BTC": 0.0, "USD": 6486.578225171079, "ETH": 2.765250152363012, "EUR": 460.3438868}}, {"date": "20201002", "timestamp": 1601681640, "side": "buy", "size": 0.6135585898274394, "price": 10572.04, "product": "BTC-USD", "holdings": {"BTC": 0.6124553429958428, "USD": 0.0, "ETH": 2.765250152363012, "EUR": 460.3438868}}, {"date": "20201002", "timestamp": 1601681880, "side": "sell", "size": 0.6124553429958428, "price": 10566.42, "product": "BTC-USD", "holdings": {"BTC": 0.0, "USD": 6459.811756644524, "ETH": 2.765250152363012, "EUR": 460.3438868}}, {"date": "20201002", "timestamp": 1601682180, "side": "buy", "size": 0.6109556965376457, "price": 10570.94, "product": "BTC-USD", "holdings": {"BTC": 0.6099915518849377, "USD": 0.0, "ETH": 2.765250152363012, "EUR": 460.3438868}}, {"date": "20201002", "timestamp": 1601682360, "side": "sell", "size": 0.6099915518849377, "price": 10571.02, "product": "BTC-USD", "holdings": {"BTC": 0.0, "USD": 6436.626075596063, "ETH": 2.765250152363012, "EUR": 460.3438868}}, {"date": "20201002", "timestamp": 1601682660, "side": "buy", "size": 0.6091915061822819, "price": 10565.85, "product": "BTC-USD", "holdings": {"BTC": 0.6080949614711538, "USD": 0.0, "ETH": 2.765250152363012, "EUR": 460.3438868}}, {"date": "20201002", "timestamp": 1601682900, "side": "sell", "size": 0.6080949614711538, "price": 10570.69, "product": "BTC-USD", "holdings": {"BTC": 0.0, "USD": 6416.412958282618, "ETH": 2.765250152363012, "EUR": 460.3438868}}, {"date": "20201003", "timestamp": 1601683800, "side": "buy", "size": 0.6086459881639081, "price": 10537.98, "product": "BTC-USD", "holdings": {"BTC": 0.6077885339465162, "USD": 0.0, "ETH": 2.765250152363012, "EUR": 460.3438868}}, {"date": "20201003", "timestamp": 1601684700, "side": "sell", "size": 0.6077885339465162, "price": 10545.45, "product": "BTC-USD", "holdings": {"BTC": 0.0, "USD": 6397.866668834738, "ETH": 2.765250152363012, "EUR": 460.3438868}}, {"date": "20201003", "timestamp": 1601685840, "side": "buy", "size": 0.6063179178198198, "price": 10547.14, "product": "BTC-USD", "holdings": {"BTC": 0.6055054269527888, "USD": 0.0, "ETH": 2.765250152363012, "EUR": 460.3438868}}, {"date": "20201003", "timestamp": 1601686920, "side": "sell", "size": 0.6055054269527888, "price": 10555.7, "product": "BTC-USD", "holdings": {"BTC": 0.0, "USD": 6380.028874742039, "ETH": 2.765250152363012, "EUR": 460.3438868}}, {"date": "20201003", "timestamp": 1601688240, "side": "buy", "size": 0.6048188940341275, "price": 10543.85, "product": "BTC-USD", "holdings": {"BTC": 0.6040056357751203, "USD": 0.0, "ETH": 2.765250152363012, "EUR": 460.3438868}}, {"date": "20201003", "timestamp": 1601688660, "side": "sell", "size": 0.6040056357751203, "price": 10547.94, "product": "BTC-USD", "holdings": {"BTC": 0.0, "USD": 6359.547378447352, "ETH": 2.765250152363012, "EUR": 460.3438868}}, {"date": "20201003", "timestamp": 1601690460, "side": "buy", "size": 0.6025796583099233, "price": 10553.39, "product": "BTC-USD", "holdings": {"BTC": 0.6015223727319986, "USD": 0.0, "ETH": 2.765250152363012, "EUR": 460.3438868}}, {"date": "20201003", "timestamp": 1601690580, "side": "sell", "size": 0.6015223727319986, "price": 10540.01, "product": "BTC-USD", "holdings": {"BTC": 0.0, "USD": 6328.639730536119, "ETH": 2.765250152363012, "EUR": 460.3438868}}, {"date": "20201003", "timestamp": 1601691120, "side": "buy", "size": 0.6004703965698578, "price": 10532.76, "product": "BTC-USD", "holdings": {"BTC": 0.599771396957792, "USD": 0.0, "ETH": 2.765250152363012, "EUR": 460.3438868}}, {"date": "20201003", "timestamp": 1601691960, "side": "sell", "size": 0.599771396957792, "price": 10536.11, "product": "BTC-USD", "holdings": {"BTC": 0.0, "USD": 6307.8827498572, "ETH": 2.765250152363012, "EUR": 460.3438868}}, {"date": "20201003", "timestamp": 1601693940, "side": "buy", "size": 0.5981303574679689, "price": 10545.99, "product": "BTC-USD", "holdings": {"BTC": 0.5970542889674139, "USD": 0.0, "ETH": 2.765250152363012, "EUR": 460.3438868}}, {"date": "20201003", "timestamp": 1601694480, "side": "sell", "size": 0.5970542889674139, "price": 10546.03, "product": "BTC-USD", "holdings": {"BTC": 0.0, "USD": 6285.2186486814735, "ETH": 2.765250152363012, "EUR": 460.3438868}}, {"date": "20201003", "timestamp": 1601694540, "side": "buy", "size": 0.5958773216773741, "price": 10542.69, "product": "BTC-USD", "holdings": {"BTC": 0.5950952987438544, "USD": 0.0, "ETH": 2.765250152363012, "EUR": 460.3438868}}, {"date": "20201003", "timestamp": 1601695440, "side": "sell", "size": 0.5950952987438544, "price": 10557.29, "product": "BTC-USD", "holdings": {"BTC": 0.0, "USD": 6271.284977911851, "ETH": 2.765250152363012, "EUR": 460.3438868}}, {"date": "20201003", "timestamp": 1601696100, "side": "buy", "size": 0.5942064873590566, "price": 10550.59, "product": "BTC-USD", "holdings": {"BTC": 0.59333143122343, "USD": 0.0, "ETH": 2.765250152363012, "EUR": 460.3438868}}, {"date": "20201003", "timestamp": 1601698140, "side": "sell", "size": 0.59333143122343, "price": 10553.61, "product": "BTC-USD", "holdings": {"BTC": 0.0, "USD": 6250.517306527331, "ETH": 2.765250152363012, "EUR": 460.3438868}}, {"date": "20201003", "timestamp": 1601699700, "side": "buy", "size": 0.5921831946186211, "price": 10554.38, "product": "BTC-USD", "holdings": {"BTC": 0.5911542293697577, "USD": 0.0, "ETH": 2.765250152363012, "EUR": 460.3438868}}, {"date": "20201003", "timestamp": 1601699940, "side": "sell", "size": 0.5911542293697577, "price": 10550.24, "product": "BTC-USD", "holdings": {"BTC": 0.0, "USD": 6225.592722671634, "ETH": 2.765250152363012, "EUR": 460.3438868}}, {"date": "20201003", "timestamp": 1601700060, "side": "buy", "size": 0.5899039588188295, "price": 10553.11, "product": "BTC-USD", "holdings": {"BTC": 0.588867798759875, "USD": 0.0, "ETH": 2.765250152363012, "EUR": 460.3438868}}, {"date": "20201003", "timestamp": 1601700660, "side": "sell", "size": 0.588867798759875, "price": 10558.5, "product": "BTC-USD", "holdings": {"BTC": 0.0, "USD": 6206.369044030369, "ETH": 2.765250152363012, "EUR": 460.3438868}}, {"date": "20201003", "timestamp": 1601701320, "side": "buy", "size": 0.5880640373729492, "price": 10553.9, "product": "BTC-USD", "holdings": {"BTC": 0.5870055221056779, "USD": 0.0, "ETH": 2.765250152363012, "EUR": 460.3438868}}, {"date": "20201003", "timestamp": 1601702580, "side": "sell", "size": 0.5870055221056779, "price": 10539.1, "product": "BTC-USD", "holdings": {"BTC": 0.0, "USD": 6175.374180207507, "ETH": 2.765250152363012, "EUR": 460.3438868}}, {"date": "20201003", "timestamp": 1601705220, "side": "buy", "size": 0.5861808460243692, "price": 10525.46, "product": "BTC-USD", "holdings": {"BTC": 0.5856521716564534, "USD": 0.0, "ETH": 2.765250152363012, "EUR": 460.3438868}}, {"date": "20201003", "timestamp": 1601705280, "side": "sell", "size": 0.5856521716564534, "price": 10525.3, "product": "BTC-USD", "holdings": {"BTC": 0.0, "USD": 6153.069305691464, "ETH": 2.765250152363012, "EUR": 460.3438868}}, {"date": "20201003", "timestamp": 1601706840, "side": "buy", "size": 0.5843736934785527, "price": 10526.73, "product": "BTC-USD", "holdings": {"BTC": 0.5834664497846168, "USD": 0.0, "ETH": 2.765250152363012, "EUR": 460.3438868}}, {"date": "20201003", "timestamp": 1601707140, "side": "sell", "size": 0.5834664497846168, "price": 10526.45, "product": "BTC-USD", "holdings": {"BTC": 0.0, "USD": 6130.775115596677, "ETH": 2.765250152363012, "EUR": 460.3438868}}, {"date": "20201003", "timestamp": 1601707500, "side": "buy", "size": 0.5822392117113747, "price": 10528.12, "product": "BTC-USD", "holdings": {"BTC": 0.5812756427917427, "USD": 0.0, "ETH": 2.765250152363012, "EUR": 460.3438868}}, {"date": "20201003", "timestamp": 1601708100, "side": "sell", "size": 0.5812756427917427, "price": 10525.0, "product": "BTC-USD", "holdings": {"BTC": 0.0, "USD": 6106.913873330403, "ETH": 2.765250152363012, "EUR": 460.3438868}}, {"date": "20201003", "timestamp": 1601711700, "side": "buy", "size": 0.580104782567392, "price": 10526.45, "product": "BTC-USD", "holdings": {"BTC": 0.5791051521033594, "USD": 0.0, "ETH": 2.765250152363012, "EUR": 460.3438868}}, {"date": "20201003", "timestamp": 1601712000, "side": "sell", "size": 0.5791051521033594, "price": 10525.4, "product": "BTC-USD", "holdings": {"BTC": 0.0, "USD": 6084.341803886391, "ETH": 2.765250152363012, "EUR": 460.3438868}}, {"date": "20201003", "timestamp": 1601712900, "side": "buy", "size": 0.5785844310084806, "price": 10513.82, "product": "BTC-USD", "holdings": {"BTC": 0.577657786479072, "USD": 0.0, "ETH": 2.765250152363012, "EUR": 460.3438868}}, {"date": "20201003", "timestamp": 1601716140, "side": "sell", "size": 0.577657786479072, "price": 10522.98, "product": "BTC-USD", "holdings": {"BTC": 0.0, "USD": 6067.73970756241, "ETH": 2.765250152363012, "EUR": 460.3438868}}, {"date": "20201003", "timestamp": 1601717700, "side": "buy", "size": 0.5755962256003714, "price": 10540.51, "product": "BTC-USD", "holdings": {"BTC": 0.5746228385617772, "USD": 0.0, "ETH": 2.765250152363012, "EUR": 460.3438868}}, {"date": "20201003", "timestamp": 1601718840, "side": "sell", "size": 0.5746228385617772, "price": 10523.39, "product": "BTC-USD", "holdings": {"BTC": 0.0, "USD": 6036.095668673054, "ETH": 2.765250152363012, "EUR": 460.3438868}}, {"date": "20201003", "timestamp": 1601725200, "side": "buy", "size": 0.572821553983785, "price": 10537.19, "product": "BTC-USD", "holdings": {"BTC": 0.5718062117575409, "USD": 0.0, "ETH": 2.765250152363012, "EUR": 460.3438868}}, {"date": "20201003", "timestamp": 1601727240, "side": "sell", "size": 0.5718062117575409, "price": 10528.3, "product": "BTC-USD", "holdings": {"BTC": 0.0, "USD": 6009.311074036273, "ETH": 2.765250152363012, "EUR": 460.3438868}}, {"date": "20201003", "timestamp": 1601727600, "side": "buy", "size": 0.57015905314627, "price": 10539.04, "product": "BTC-USD", "holdings": {"BTC": 0.5691689484149417, "USD": 0.0, "ETH": 2.765250152363012, "EUR": 460.3438868}}, {"date": "20201003", "timestamp": 1601727960, "side": "sell", "size": 0.5691689484149417, "price": 10534.01, "product": "BTC-USD", "holdings": {"BTC": 0.0, "USD": 5984.8392577827535, "ETH": 2.765250152363012, "EUR": 460.3438868}}, {"date": "20201003", "timestamp": 1601728560, "side": "buy", "size": 0.5677461492574757, "price": 10540.39, "product": "BTC-USD", "holdings": {"BTC": 0.5667785107684579, "USD": 0.0, "ETH": 2.765250152363012, "EUR": 460.3438868}}, {"date": "20201003", "timestamp": 1601730420, "side": "sell", "size": 0.5667785107684579, "price": 10547.15, "product": "BTC-USD", "holdings": {"BTC": 0.0, "USD": 5967.137753505808, "ETH": 2.765250152363012, "EUR": 460.3438868}}, {"date": "20201003", "timestamp": 1601731680, "side": "buy", "size": 0.5659874487337244, "price": 10541.67, "product": "BTC-USD", "holdings": {"BTC": 0.5650335198834243, "USD": 0.0, "ETH": 2.765250152363012, "EUR": 460.3438868}}, {"date": "20201003", "timestamp": 1601733660, "side": "sell", "size": 0.5650335198834243, "price": 10538.5, "product": "BTC-USD", "holdings": {"BTC": 0.0, "USD": 5943.887458942742, "ETH": 2.765250152363012, "EUR": 460.3438868}}, {"date": "20201003", "timestamp": 1601733840, "side": "buy", "size": 0.564088720284208, "price": 10536.21, "product": "BTC-USD", "holdings": {"BTC": 0.5631235958201902, "USD": 0.0, "ETH": 2.765250152363012, "EUR": 460.3438868}}, {"date": "20201003", "timestamp": 1601736240, "side": "sell", "size": 0.5631235958201902, "price": 10541.02, "product": "BTC-USD", "holdings": {"BTC": 0.0, "USD": 5925.212471257719, "ETH": 2.765250152363012, "EUR": 460.3438868}}, {"date": "20201003", "timestamp": 1601737440, "side": "buy", "size": 0.5621915739051623, "price": 10538.45, "product": "BTC-USD", "holdings": {"BTC": 0.561235009779375, "USD": 0.0, "ETH": 2.765250152363012, "EUR": 460.3438868}}, {"date": "20201003", "timestamp": 1601738580, "side": "sell", "size": 0.561235009779375, "price": 10553.15, "product": "BTC-USD", "holdings": {"BTC": 0.0, "USD": 5912.136208414995, "ETH": 2.765250152363012, "EUR": 460.3438868}}, {"date": "20201003", "timestamp": 1601739180, "side": "buy", "size": 0.5603240752226265, "price": 10550.25, "product": "BTC-USD", "holdings": {"BTC": 0.5593700967502996, "USD": 0.0, "ETH": 2.765250152363012, "EUR": 460.3438868}}, {"date": "20201003", "timestamp": 1601739780, "side": "sell", "size": 0.5593700967502996, "price": 10539.87, "product": "BTC-USD", "holdings": {"BTC": 0.0, "USD": 5885.075863052636, "ETH": 2.765250152363012, "EUR": 460.3438868}}, {"date": "20201003", "timestamp": 1601740020, "side": "buy", "size": 0.5583717069115409, "price": 10539.18, "product": "BTC-USD", "holdings": {"BTC": 0.557394666994884, "USD": 0.0, "ETH": 2.765250152363012, "EUR": 460.3438868}}, {"date": "20201003", "timestamp": 1601740740, "side": "sell", "size": 0.557394666994884, "price": 10550.04, "product": "BTC-USD", "holdings": {"BTC": 0.0, "USD": 5869.951067724059, "ETH": 2.765250152363012, "EUR": 460.3438868}}, {"date": "20201003", "timestamp": 1601740800, "side": "buy", "size": 0.556113037570065, "price": 10553.2, "product": "BTC-USD", "holdings": {"BTC": 0.5552235488574229, "USD": 0.0, "ETH": 2.765250152363012, "EUR": 460.3438868}}, {"date": "20201003", "timestamp": 1601745480, "side": "sell", "size": 0.5552235488574229, "price": 10567.02, "product": "BTC-USD", "holdings": {"BTC": 0.0, "USD": 5856.497640225919, "ETH": 2.765250152363012, "EUR": 460.3438868}}, {"date": "20201003", "timestamp": 1601746260, "side": "buy", "size": 0.5535960019156725, "price": 10579.01, "product": "BTC-USD", "holdings": {"BTC": 0.5525995291122243, "USD": 0.0, "ETH": 2.765250152363012, "EUR": 460.3438868}}, {"date": "20201003", "timestamp": 1601746380, "side": "sell", "size": 0.5525995291122243, "price": 10575.43, "product": "BTC-USD", "holdings": {"BTC": 0.0, "USD": 5833.458478410604, "ETH": 2.765250152363012, "EUR": 460.3438868}}, {"date": "20201003", "timestamp": 1601747400, "side": "buy", "size": 0.5510134789247159, "price": 10585.97, "product": "BTC-USD", "holdings": {"BTC": 0.5500637403232264, "USD": 0.0, "ETH": 2.765250152363012, "EUR": 460.3438868}}, {"date": "20201003", "timestamp": 1601748240, "side": "sell", "size": 0.5500637403232264, "price": 10578.56, "product": "BTC-USD", "holdings": {"BTC": 0.0, "USD": 5808.408292728169, "ETH": 2.765250152363012, "EUR": 460.3438868}}, {"date": "20201003", "timestamp": 1601748540, "side": "buy", "size": 0.5486105103974755, "price": 10583.71, "product": "BTC-USD", "holdings": {"BTC": 0.5478185964847165, "USD": 0.0, "ETH": 2.765250152363012, "EUR": 460.3438868}}, {"date": "20201003", "timestamp": 1601749320, "side": "sell", "size": 0.5478185964847165, "price": 10587.0, "product": "BTC-USD", "holdings": {"BTC": 0.0, "USD": 5789.315921117923, "ETH": 2.765250152363012, "EUR": 460.3438868}}, {"date": "20201003", "timestamp": 1601749740, "side": "buy", "size": 0.5466770967277578, "price": 10583.91, "product": "BTC-USD", "holdings": {"BTC": 0.546007586275763, "USD": 0.0, "ETH": 2.765250152363012, "EUR": 460.3438868}}, {"date": "20201003", "timestamp": 1601750700, "side": "sell", "size": 0.546007586275763, "price": 10575.22, "product": "BTC-USD", "holdings": {"BTC": 0.0, "USD": 5763.75687591141, "ETH": 2.765250152363012, "EUR": 460.3438868}}, {"date": "20201003", "timestamp": 1601751360, "side": "buy", "size": 0.544895958288876, "price": 10576.61, "product": "BTC-USD", "holdings": {"BTC": 0.5439722286758015, "USD": 0.0, "ETH": 2.765250152363012, "EUR": 460.3438868}}, {"date": "20201003", "timestamp": 1601751720, "side": "sell", "size": 0.5439722286758015, "price": 10580.54, "product": "BTC-USD", "holdings": {"BTC": 0.0, "USD": 5745.159988529557, "ETH": 2.765250152363012, "EUR": 460.3438868}}, {"date": "20201003", "timestamp": 1601751780, "side": "buy", "size": 0.5429720382885806, "price": 10580.55, "product": "BTC-USD", "holdings": {"BTC": 0.5420151788470546, "USD": 0.0, "ETH": 2.765250152363012, "EUR": 460.3438868}}, {"date": "20201003", "timestamp": 1601752320, "side": "sell", "size": 0.5420151788470546, "price": 10579.24, "product": "BTC-USD", "holdings": {"BTC": 0.0, "USD": 5723.787265076716, "ETH": 2.765250152363012, "EUR": 460.3438868}}, {"date": "20201003", "timestamp": 1601752740, "side": "buy", "size": 0.540310233527356, "price": 10592.92, "product": "BTC-USD", "holdings": {"BTC": 0.5393682240590487, "USD": 0.0, "ETH": 2.765250152363012, "EUR": 460.3438868}}, {"date": "20201003", "timestamp": 1601753520, "side": "sell", "size": 0.5393682240590487, "price": 10594.2, "product": "BTC-USD", "holdings": {"BTC": 0.0, "USD": 5703.889324615587, "ETH": 2.765250152363012, "EUR": 460.3438868}}, {"date": "20201003", "timestamp": 1601754060, "side": "buy", "size": 0.5386658247125851, "price": 10587.16, "product": "BTC-USD", "holdings": {"BTC": 0.5377856123673657, "USD": 0.0, "ETH": 2.765250152363012, "EUR": 460.3438868}}, {"date": "20201003", "timestamp": 1601754240, "side": "sell", "size": 0.5377856123673657, "price": 10583.43, "product": "BTC-USD", "holdings": {"BTC": 0.0, "USD": 5681.371474006854, "ETH": 2.765250152363012, "EUR": 460.3438868}}, {"date": "20201003", "timestamp": 1601754720, "side": "buy", "size": 0.5364845584520165, "price": 10589.99, "product": "BTC-USD", "holdings": {"BTC": 0.5355193919308368, "USD": 0.0, "ETH": 2.765250152363012, "EUR": 460.3438868}}, {"date": "20201003", "timestamp": 1601756220, "side": "sell", "size": 0.5355193919308368, "price": 10582.32, "product": "BTC-USD", "holdings": {"BTC": 0.0, "USD": 5656.83690398862, "ETH": 2.765250152363012, "EUR": 460.3438868}}, {"date": "20201003", "timestamp": 1601757720, "side": "buy", "size": 0.5350281807277066, "price": 10571.72, "product": "BTC-USD", "holdings": {"BTC": 0.5341282778546387, "USD": 0.0, "ETH": 2.765250152363012, "EUR": 460.3438868}}, {"date": "20201003", "timestamp": 1601758980, "side": "sell", "size": 0.5341282778546387, "price": 10576.7, "product": "BTC-USD", "holdings": {"BTC": 0.0, "USD": 5639.145790183664, "ETH": 2.765250152363012, "EUR": 460.3438868}}, {"date": "20201003", "timestamp": 1601759460, "side": "buy", "size": 0.5336906122645977, "price": 10566.32, "product": "BTC-USD", "holdings": {"BTC": 0.5327299691625215, "USD": 0.0, "ETH": 2.765250152363012, "EUR": 460.3438868}}, {"date": "20201003", "timestamp": 1601760060, "side": "sell", "size": 0.5327299691625215, "price": 10569.92, "product": "BTC-USD", "holdings": {"BTC": 0.0, "USD": 5620.777511970148, "ETH": 2.765250152363012, "EUR": 460.3438868}}, {"date": "20201003", "timestamp": 1601761020, "side": "buy", "size": 0.5314316804788415, "price": 10576.65, "product": "BTC-USD", "holdings": {"BTC": 0.5304761065600736, "USD": 0.0, "ETH": 2.765250152363012, "EUR": 460.3438868}}, {"date": "20201003", "timestamp": 1601761560, "side": "sell", "size": 0.5304761065600736, "price": 10579.89, "product": "BTC-USD", "holdings": {"BTC": 0.0, "USD": 5602.276573094797, "ETH": 2.765250152363012, "EUR": 460.3438868}}, {"date": "20201003", "timestamp": 1601761920, "side": "buy", "size": 0.5295517816992079, "price": 10578.6, "product": "BTC-USD", "holdings": {"BTC": 0.5286325671887797, "USD": 0.0, "ETH": 2.765250152363012, "EUR": 460.3438868}}, {"date": "20201003", "timestamp": 1601762400, "side": "sell", "size": 0.5286325671887797, "price": 10578.51, "product": "BTC-USD", "holdings": {"BTC": 0.0, "USD": 5582.079037515181, "ETH": 2.765250152363012, "EUR": 460.3438868}}, {"date": "20201003", "timestamp": 1601763480, "side": "buy", "size": 0.5293297878458025, "price": 10544.47, "product": "BTC-USD", "holdings": {"BTC": 0.5284316134663624, "USD": 0.0, "ETH": 2.765250152363012, "EUR": 460.3438868}}, {"date": "20201003", "timestamp": 1601764380, "side": "sell", "size": 0.5284316134663624, "price": 10552.49, "product": "BTC-USD", "holdings": {"BTC": 0.0, "USD": 5566.232032017437, "ETH": 2.765250152363012, "EUR": 460.3438868}}, {"date": "20201003", "timestamp": 1601764440, "side": "buy", "size": 0.5274839356296884, "price": 10544.31, "product": "BTC-USD", "holdings": {"BTC": 0.5269394407372133, "USD": 0.0, "ETH": 2.765250152363012, "EUR": 460.3438868}}, {"date": "20201003", "timestamp": 1601765040, "side": "sell", "size": 0.5269394407372133, "price": 10552.32, "product": "BTC-USD", "holdings": {"BTC": 0.0, "USD": 5550.424818801407, "ETH": 2.765250152363012, "EUR": 460.3438868}}, {"date": "20201003", "timestamp": 1601765160, "side": "buy", "size": 0.5256611761030375, "price": 10555.83, "product": "BTC-USD", "holdings": {"BTC": 0.5248695795714372, "USD": 0.0, "ETH": 2.765250152363012, "EUR": 460.3438868}}, {"date": "20201003", "timestamp": 1601765580, "side": "sell", "size": 0.5248695795714372, "price": 10568.37, "product": "BTC-USD", "holdings": {"BTC": 0.0, "USD": 5537.03129000181, "ETH": 2.765250152363012, "EUR": 460.3438868}}, {"date": "20201003", "timestamp": 1601766180, "side": "buy", "size": 0.5241107858116818, "price": 10564.03, "product": "BTC-USD", "holdings": {"BTC": 0.5231966052424886, "USD": 0.0, "ETH": 2.765250152363012, "EUR": 460.3438868}}, {"date": "20201003", "timestamp": 1601766660, "side": "sell", "size": 0.5231966052424886, "price": 10564.46, "product": "BTC-USD", "holdings": {"BTC": 0.0, "USD": 5517.340486925264, "ETH": 2.765250152363012, "EUR": 460.3438868}}, {"date": "20201003", "timestamp": 1601767080, "side": "buy", "size": 0.5225194629969063, "price": 10559.11, "product": "BTC-USD", "holdings": {"BTC": 0.5215789279635118, "USD": 0.0, "ETH": 2.765250152363012, "EUR": 460.3438868}}, {"date": "20201004", "timestamp": 1601770320, "side": "sell", "size": 0.5215789279635118, "price": 10552.52, "product": "BTC-USD", "holdings": {"BTC": 0.0, "USD": 5494.064919189474, "ETH": 2.765250152363012, "EUR": 460.3438868}}, {"date": "20201004", "timestamp": 1601771460, "side": "buy", "size": 0.5204201314381076, "price": 10556.97, "product": "BTC-USD", "holdings": {"BTC": 0.5194838672777258, "USD": 0.0, "ETH": 2.765250152363012, "EUR": 460.3438868}}, {"date": "20201004", "timestamp": 1601772600, "side": "sell", "size": 0.5194838672777258, "price": 10554.14, "product": "BTC-USD", "holdings": {"BTC": 0.0, "USD": 5472.836593157153, "ETH": 2.765250152363012, "EUR": 460.3438868}}, {"date": "20201004", "timestamp": 1601773380, "side": "buy", "size": 0.5188501521288995, "price": 10544.03, "product": "BTC-USD", "holdings": {"BTC": 0.5181117169895637, "USD": 0.0, "ETH": 2.765250152363012, "EUR": 460.3438868}}, {"date": "20201004", "timestamp": 1601774100, "side": "sell", "size": 0.5181117169895637, "price": 10542.39, "product": "BTC-USD", "holdings": {"BTC": 0.0, "USD": 5452.3039396622735, "ETH": 2.765250152363012, "EUR": 460.3438868}}, {"date": "20201004", "timestamp": 1601775420, "side": "buy", "size": 0.5175143931278711, "price": 10533.51, "product": "BTC-USD", "holdings": {"BTC": 0.516683403022438, "USD": 0.0, "ETH": 2.765250152363012, "EUR": 460.3438868}}, {"date": "20201004", "timestamp": 1601776380, "side": "sell", "size": 0.516683403022438, "price": 10546.69, "product": "BTC-USD", "holdings": {"BTC": 0.0, "USD": 5439.490940399036, "ETH": 2.765250152363012, "EUR": 460.3438868}}, {"date": "20201004", "timestamp": 1601776920, "side": "buy", "size": 0.5159686311417192, "price": 10540.55, "product": "BTC-USD", "holdings": {"BTC": 0.5151249087292711, "USD": 0.0, "ETH": 2.765250152363012, "EUR": 460.3438868}}, {"date": "20201004", "timestamp": 1601777460, "side": "sell", "size": 0.5151249087292711, "price": 10540.88, "product": "BTC-USD", "holdings": {"BTC": 0.0, "USD": 5420.096082199931, "ETH": 2.765250152363012, "EUR": 460.3438868}}, {"date": "20201004", "timestamp": 1601778120, "side": "buy", "size": 0.5143923949286678, "price": 10536.4, "product": "BTC-USD", "holdings": {"BTC": 0.5134903676067699, "USD": 0.0, "ETH": 2.765250152363012, "EUR": 460.3438868}}, {"date": "20201004", "timestamp": 1601778300, "side": "sell", "size": 0.5134903676067699, "price": 10541.04, "product": "BTC-USD", "holdings": {"BTC": 0.0, "USD": 5402.979604049462, "ETH": 2.765250152363012, "EUR": 460.3438868}}, {"date": "20201004", "timestamp": 1601779200, "side": "buy", "size": 0.5121977665371832, "price": 10548.56, "product": "BTC-USD", "holdings": {"BTC": 0.5112787186840833, "USD": 0.0, "ETH": 2.765250152363012, "EUR": 460.3438868}}, {"date": "20201004", "timestamp": 1601779500, "side": "sell", "size": 0.5112787186840833, "price": 10550.88, "product": "BTC-USD", "holdings": {"BTC": 0.0, "USD": 5384.730414656219, "ETH": 2.765250152363012, "EUR": 460.3438868}}, {"date": "20201004", "timestamp": 1601781300, "side": "buy", "size": 0.5100050685445345, "price": 10557.34, "product": "BTC-USD", "holdings": {"BTC": 0.5091280473973404, "USD": 0.0, "ETH": 2.765250152363012, "EUR": 460.3438868}}, {"date": "20201004", "timestamp": 1601781360, "side": "sell", "size": 0.5091280473973404, "price": 10558.18, "product": "BTC-USD", "holdings": {"BTC": 0.0, "USD": 5365.789729448206, "ETH": 2.765250152363012, "EUR": 460.3438868}}, {"date": "20201004", "timestamp": 1601783220, "side": "buy", "size": 0.5084620391063194, "price": 10552.73, "product": "BTC-USD", "holdings": {"BTC": 0.5075588315000193, "USD": 0.0, "ETH": 2.765250152363012, "EUR": 460.3438868}}, {"date": "20201004", "timestamp": 1601784060, "side": "sell", "size": 0.5075588315000193, "price": 10564.16, "product": "BTC-USD", "holdings": {"BTC": 0.0, "USD": 5352.281226509561, "ETH": 2.765250152363012, "EUR": 460.3438868}}, {"date": "20201004", "timestamp": 1601784240, "side": "buy", "size": 0.5067694695494667, "price": 10561.37, "product": "BTC-USD", "holdings": {"BTC": 0.5058668638918855, "USD": 0.0, "ETH": 2.765250152363012, "EUR": 460.3438868}}, {"date": "20201004", "timestamp": 1601784660, "side": "sell", "size": 0.5058668638918855, "price": 10558.87, "product": "BTC-USD", "holdings": {"BTC": 0.0, "USD": 5331.767964726458, "ETH": 2.765250152363012, "EUR": 460.3438868}}, {"date": "20201004", "timestamp": 1601785320, "side": "buy", "size": 0.5041860959552206, "price": 10574.98, "product": "BTC-USD", "holdings": {"BTC": 0.503279512811367, "USD": 0.0, "ETH": 2.765250152363012, "EUR": 460.3438868}}, {"date": "20201004", "timestamp": 1601785500, "side": "sell", "size": 0.503279512811367, "price": 10575.0, "product": "BTC-USD", "holdings": {"BTC": 0.0, "USD": 5312.600922453841, "ETH": 2.765250152363012, "EUR": 460.3438868}}, {"date": "20201004", "timestamp": 1601786760, "side": "buy", "size": 0.5024030649980274, "price": 10573.45, "product": "BTC-USD", "holdings": {"BTC": 0.501542849381557, "USD": 0.0, "ETH": 2.765250152363012, "EUR": 460.3438868}}, {"date": "20201004", "timestamp": 1601789760, "side": "sell", "size": 0.501542849381557, "price": 10581.06, "product": "BTC-USD", "holdings": {"BTC": 0.0, "USD": 5297.302642909839, "ETH": 2.765250152363012, "EUR": 460.3438868}}, {"date": "20201004", "timestamp": 1601790000, "side": "buy", "size": 0.5008246677661905, "price": 10576.15, "product": "BTC-USD", "holdings": {"BTC": 0.499970924972944, "USD": 0.0, "ETH": 2.765250152363012, "EUR": 460.3438868}}, {"date": "20201004", "timestamp": 1601793060, "side": "sell", "size": 0.499970924972944, "price": 10584.65, "product": "BTC-USD", "holdings": {"BTC": 0.0, "USD": 5282.491619963045, "ETH": 2.765250152363012, "EUR": 460.3438868}}, {"date": "20201004", "timestamp": 1601795400, "side": "buy", "size": 0.49790391028035785, "price": 10608.06, "product": "BTC-USD", "holdings": {"BTC": 0.49707327589088973, "USD": 0.0, "ETH": 2.765250152363012, "EUR": 460.3438868}}, {"date": "20201004", "timestamp": 1601795640, "side": "sell", "size": 0.49707327589088973, "price": 10607.6, "product": "BTC-USD", "holdings": {"BTC": 0.0, "USD": 5263.263523273789, "ETH": 2.765250152363012, "EUR": 460.3438868}}, {"date": "20201004", "timestamp": 1601795940, "side": "buy", "size": 0.4957401750096345, "price": 10615.24, "product": "BTC-USD", "holdings": {"BTC": 0.4949289558155912, "USD": 0.0, "ETH": 2.765250152363012, "EUR": 460.3438868}}, {"date": "20201004", "timestamp": 1601800980, "side": "sell", "size": 0.4949289558155912, "price": 10597.85, "product": "BTC-USD", "holdings": {"BTC": 0.0, "USD": 5235.741505288361, "ETH": 2.765250152363012, "EUR": 460.3438868}}, {"date": "20201004", "timestamp": 1601801040, "side": "buy", "size": 0.4940432115987334, "price": 10594.12, "product": "BTC-USD", "holdings": {"BTC": 0.4933224440141174, "USD": 0.0, "ETH": 2.765250152363012, "EUR": 460.3438868}}, {"date": "20201004", "timestamp": 1601801280, "side": "sell", "size": 0.4933224440141174, "price": 10594.56, "product": "BTC-USD", "holdings": {"BTC": 0.0, "USD": 5217.12647083579, "ETH": 2.765250152363012, "EUR": 460.3438868}}, {"date": "20201004", "timestamp": 1601807940, "side": "buy", "size": 0.49300916073634815, "price": 10581.18, "product": "BTC-USD", "holdings": {"BTC": 0.4921696486770177, "USD": 0.0, "ETH": 2.765250152363012, "EUR": 460.3438868}}, {"date": "20201004", "timestamp": 1601808300, "side": "sell", "size": 0.4921696486770177, "price": 10580.93, "product": "BTC-USD", "holdings": {"BTC": 0.0, "USD": 5198.23889809472, "ETH": 2.765250152363012, "EUR": 460.3438868}}, {"date": "20201004", "timestamp": 1601808600, "side": "buy", "size": 0.49093529340438435, "price": 10580.36, "product": "BTC-USD", "holdings": {"BTC": 0.49042585205778905, "USD": 0.0, "ETH": 2.765250152363012, "EUR": 460.3438868}}, {"date": "20201004", "timestamp": 1601811600, "side": "sell", "size": 0.49042585205778905, "price": 10588.21, "product": "BTC-USD", "holdings": {"BTC": 0.0, "USD": 5183.384993576972, "ETH": 2.765250152363012, "EUR": 460.3438868}}, {"date": "20201004", "timestamp": 1601814180, "side": "buy", "size": 0.489254288899762, "price": 10593.51, "product": "BTC-USD", "holdings": {"BTC": 0.4884174273294246, "USD": 0.0, "ETH": 2.765250152363012, "EUR": 460.3438868}}, {"date": "20201004", "timestamp": 1601817000, "side": "sell", "size": 0.4884174273294246, "price": 10616.32, "product": "BTC-USD", "holdings": {"BTC": 0.0, "USD": 5175.862349842127, "ETH": 2.765250152363012, "EUR": 460.3438868}}, {"date": "20201004", "timestamp": 1601817840, "side": "buy", "size": 0.4875391944314052, "price": 10616.3, "product": "BTC-USD", "holdings": {"BTC": 0.48666162388142864, "USD": 0.0, "ETH": 2.765250152363012, "EUR": 460.3438868}}, {"date": "20201004", "timestamp": 1601818380, "side": "sell", "size": 0.48666162388142864, "price": 10610.81, "product": "BTC-USD", "holdings": {"BTC": 0.0, "USD": 5154.579052051767, "ETH": 2.765250152363012, "EUR": 460.3438868}}, {"date": "20201004", "timestamp": 1601818680, "side": "buy", "size": 0.48580348865094564, "price": 10609.2, "product": "BTC-USD", "holdings": {"BTC": 0.4849848065601622, "USD": 0.0, "ETH": 2.765250152363012, "EUR": 460.3438868}}, {"date": "20201004", "timestamp": 1601818740, "side": "sell", "size": 0.4849848065601622, "price": 10608.66, "product": "BTC-USD", "holdings": {"BTC": 0.0, "USD": 5135.777847910197, "ETH": 2.765250152363012, "EUR": 460.3438868}}, {"date": "20201004", "timestamp": 1601819040, "side": "buy", "size": 0.48417618590211386, "price": 10607.25, "product": "BTC-USD", "holdings": {"BTC": 0.48330466876749006, "USD": 0.0, "ETH": 2.765250152363012, "EUR": 460.3438868}}, {"date": "20201004", "timestamp": 1601819460, "side": "sell", "size": 0.48330466876749006, "price": 10608.05, "product": "BTC-USD", "holdings": {"BTC": 0.0, "USD": 5117.691635354238, "ETH": 2.765250152363012, "EUR": 460.3438868}}, {"date": "20201004", "timestamp": 1601821200, "side": "buy", "size": 0.4827341524669917, "price": 10599.98, "product": "BTC-USD", "holdings": {"BTC": 0.48193296500659444, "USD": 0.0, "ETH": 2.765250152363012, "EUR": 460.3438868}}, {"date": "20201004", "timestamp": 1601821980, "side": "sell", "size": 0.48193296500659444, "price": 10605.38, "product": "BTC-USD", "holdings": {"BTC": 0.0, "USD": 5101.8822804104775, "ETH": 2.765250152363012, "EUR": 460.3438868}}, {"date": "20201004", "timestamp": 1601823300, "side": "buy", "size": 0.48140184208961506, "price": 10596.44, "product": "BTC-USD", "holdings": {"BTC": 0.48060470236284436, "USD": 0.0, "ETH": 2.765250152363012, "EUR": 460.3438868}}, {"date": "20201004", "timestamp": 1601827500, "side": "sell", "size": 0.48060470236284436, "price": 10605.69, "product": "BTC-USD", "holdings": {"BTC": 0.0, "USD": 5087.96962572815, "ETH": 2.765250152363012, "EUR": 460.3438868}}, {"date": "20201004", "timestamp": 1601828280, "side": "buy", "size": 0.47954066607617374, "price": 10609.32, "product": "BTC-USD", "holdings": {"BTC": 0.47871223418671877, "USD": 0.0, "ETH": 2.765250152363012, "EUR": 460.3438868}}, {"date": "20201004", "timestamp": 1601828460, "side": "sell", "size": 0.47871223418671877, "price": 10608.95, "product": "BTC-USD", "holdings": {"BTC": 0.0, "USD": 5069.492615392815, "ETH": 2.765250152363012, "EUR": 460.3438868}}, {"date": "20201004", "timestamp": 1601830380, "side": "buy", "size": 0.4783194508109898, "price": 10598.07, "product": "BTC-USD", "holdings": {"BTC": 0.4774801004980255, "USD": 0.0, "ETH": 2.765250152363012, "EUR": 460.3438868}}, {"date": "20201004", "timestamp": 1601831520, "side": "sell", "size": 0.4774801004980255, "price": 10605.63, "product": "BTC-USD", "holdings": {"BTC": 0.0, "USD": 5054.8621191440325, "ETH": 2.765250152363012, "EUR": 460.3438868}}, {"date": "20201004", "timestamp": 1601831640, "side": "buy", "size": 0.4766377142588843, "price": 10603.56, "product": "BTC-USD", "holdings": {"BTC": 0.47585559635910707, "USD": 0.0, "ETH": 2.765250152363012, "EUR": 460.3438868}}, {"date": "20201004", "timestamp": 1601832060, "side": "sell", "size": 0.47585559635910707, "price": 10608.49, "product": "BTC-USD", "holdings": {"BTC": 0.0, "USD": 5039.022738615869, "ETH": 2.765250152363012, "EUR": 460.3438868}}, {"date": "20201004", "timestamp": 1601832360, "side": "buy", "size": 0.47512311645186456, "price": 10605.41, "product": "BTC-USD", "holdings": {"BTC": 0.4742817578656893, "USD": 0.0, "ETH": 2.765250152363012, "EUR": 460.3438868}}, {"date": "20201004", "timestamp": 1601833020, "side": "sell", "size": 0.4742817578656893, "price": 10608.79, "product": "BTC-USD", "holdings": {"BTC": 0.0, "USD": 5022.498770001896, "ETH": 2.765250152363012, "EUR": 460.3438868}}, {"date": "20201004", "timestamp": 1601833080, "side": "buy", "size": 0.4734383149081399, "price": 10604.15, "product": "BTC-USD", "holdings": {"BTC": 0.4727826626571572, "USD": 0.0, "ETH": 2.765250152363012, "EUR": 460.3438868}}, {"date": "20201004", "timestamp": 1601833140, "side": "sell", "size": 0.4727826626571572, "price": 10608.38, "product": "BTC-USD", "holdings": {"BTC": 0.0, "USD": 5006.430318221751, "ETH": 2.765250152363012, "EUR": 460.3438868}}, {"date": "20201004", "timestamp": 1601833740, "side": "buy", "size": 0.4719610169029491, "price": 10606.55, "product": "BTC-USD", "holdings": {"BTC": 0.47116345500176326, "USD": 0.0, "ETH": 2.765250152363012, "EUR": 460.3438868}}, {"date": "20201004", "timestamp": 1601834940, "side": "sell", "size": 0.47116345500176326, "price": 10618.83, "product": "BTC-USD", "holdings": {"BTC": 0.0, "USD": 4994.198862540797, "ETH": 2.765250152363012, "EUR": 460.3438868}}, {"date": "20201004", "timestamp": 1601835300, "side": "buy", "size": 0.46911373183626165, "price": 10630.71, "product": "BTC-USD", "holdings": {"BTC": 0.46894415373838844, "USD": 0.0, "ETH": 2.765250152363012, "EUR": 460.3438868}}, {"date": "20201004", "timestamp": 1601835780, "side": "sell", "size": 0.46894415373838844, "price": 10634.17, "product": "BTC-USD", "holdings": {"BTC": 0.0, "USD": 4977.85555402771, "ETH": 2.765250152363012, "EUR": 460.3438868}}, {"date": "20201004", "timestamp": 1601836500, "side": "buy", "size": 0.4680362361599709, "price": 10635.62, "product": "BTC-USD", "holdings": {"BTC": 0.46719377093488296, "USD": 0.0, "ETH": 2.765250152363012, "EUR": 460.3438868}}, {"date": "20201004", "timestamp": 1601837460, "side": "sell", "size": 0.46719377093488296, "price": 10637.34, "product": "BTC-USD", "holdings": {"BTC": 0.0, "USD": 4960.753529139298, "ETH": 2.765250152363012, "EUR": 460.3438868}}, {"date": "20201004", "timestamp": 1601838840, "side": "buy", "size": 0.4654728409834714, "price": 10657.01, "product": "BTC-USD", "holdings": {"BTC": 0.4646541734301504, "USD": 0.0, "ETH": 2.765250152363012, "EUR": 460.3438868}}, {"date": "20201004", "timestamp": 1601839080, "side": "sell", "size": 0.4646541734301504, "price": 10670.6, "product": "BTC-USD", "holdings": {"BTC": 0.0, "USD": 4949.214173122356, "ETH": 2.765250152363012, "EUR": 460.3438868}}, {"date": "20201004", "timestamp": 1601839320, "side": "buy", "size": 0.463626186122763, "price": 10675.0, "product": "BTC-USD", "holdings": {"BTC": 0.4627920925162282, "USD": 0.0, "ETH": 2.765250152363012, "EUR": 460.3438868}}, {"date": "20201004", "timestamp": 1601839500, "side": "sell", "size": 0.4627920925162282, "price": 10676.01, "product": "BTC-USD", "holdings": {"BTC": 0.0, "USD": 4931.8796162104545, "ETH": 2.765250152363012, "EUR": 460.3438868}}, {"date": "20201004", "timestamp": 1601840460, "side": "buy", "size": 0.46180075004288096, "price": 10670.92, "product": "BTC-USD", "holdings": {"BTC": 0.46134749702005784, "USD": 0.0, "ETH": 2.765250152363012, "EUR": 460.3438868}}, {"date": "20201004", "timestamp": 1601840640, "side": "sell", "size": 0.46134749702005784, "price": 10676.38, "product": "BTC-USD", "holdings": {"BTC": 0.0, "USD": 4916.655252092582, "ETH": 2.765250152363012, "EUR": 460.3438868}}, {"date": "20201004", "timestamp": 1601841060, "side": "buy", "size": 0.46037735912818817, "price": 10678.76, "product": "BTC-USD", "holdings": {"BTC": 0.4595856890349455, "USD": 0.0, "ETH": 2.765250152363012, "EUR": 460.3438868}}, {"date": "20201004", "timestamp": 1601841360, "side": "sell", "size": 0.4595856890349455, "price": 10678.67, "product": "BTC-USD", "holdings": {"BTC": 0.0, "USD": 4898.9299348889335, "ETH": 2.765250152363012, "EUR": 460.3438868}}, {"date": "20201004", "timestamp": 1601842020, "side": "buy", "size": 0.45843388499863225, "price": 10684.0, "product": "BTC-USD", "holdings": {"BTC": 0.45770421761569946, "USD": 0.0, "ETH": 2.765250152363012, "EUR": 460.3438868}}, {"date": "20201004", "timestamp": 1601842080, "side": "sell", "size": 0.45770421761569946, "price": 10675.99, "product": "BTC-USD", "holdings": {"BTC": 0.0, "USD": 4877.650048052629, "ETH": 2.765250152363012, "EUR": 460.3438868}}, {"date": "20201004", "timestamp": 1601842320, "side": "buy", "size": 0.4567558501393055, "price": 10675.67, "product": "BTC-USD", "holdings": {"BTC": 0.45607163559440617, "USD": 0.0, "ETH": 2.765250152363012, "EUR": 460.3438868}}, {"date": "20201004", "timestamp": 1601842860, "side": "sell", "size": 0.45607163559440617, "price": 10680.63, "product": "BTC-USD", "holdings": {"BTC": 0.0, "USD": 4862.36435497078, "ETH": 2.765250152363012, "EUR": 460.3438868}}, {"date": "20201004", "timestamp": 1601843280, "side": "buy", "size": 0.45509518235864094, "price": 10679.44, "product": "BTC-USD", "holdings": {"BTC": 0.4544818922276667, "USD": 0.0, "ETH": 2.765250152363012, "EUR": 460.3438868}}, {"date": "20201004", "timestamp": 1601845620, "side": "sell", "size": 0.4544818922276667, "price": 10657.42, "product": "BTC-USD", "holdings": {"BTC": 0.0, "USD": 4834.885919930823, "ETH": 2.765250152363012, "EUR": 460.3438868}}, {"date": "20201004", "timestamp": 1601846400, "side": "buy", "size": 0.45334351496545433, "price": 10664.4, "product": "BTC-USD", "holdings": {"BTC": 0.4525508350469738, "USD": 0.0, "ETH": 2.765250152363012, "EUR": 460.3438868}}, {"date": "20201004", "timestamp": 1601846580, "side": "sell", "size": 0.4525508350469738, "price": 10666.84, "product": "BTC-USD", "holdings": {"BTC": 0.0, "USD": 4818.598232083699, "ETH": 2.765250152363012, "EUR": 460.3438868}}, {"date": "20201004", "timestamp": 1601847780, "side": "buy", "size": 0.45192986409870495, "price": 10660.01, "product": "BTC-USD", "holdings": {"BTC": 0.45121203031385043, "USD": 0.0, "ETH": 2.765250152363012, "EUR": 460.3438868}}, {"date": "20201004", "timestamp": 1601848080, "side": "sell", "size": 0.45121203031385043, "price": 10661.0, "product": "BTC-USD", "holdings": {"BTC": 0.0, "USD": 4801.712786556643, "ETH": 2.765250152363012, "EUR": 460.3438868}}, {"date": "20201004", "timestamp": 1601848200, "side": "buy", "size": 0.45039520148996137, "price": 10657.99, "product": "BTC-USD", "holdings": {"BTC": 0.4497161006475743, "USD": 0.0, "ETH": 2.765250152363012, "EUR": 460.3438868}}, {"date": "20201004", "timestamp": 1601848980, "side": "sell", "size": 0.4497161006475743, "price": 10649.25, "product": "BTC-USD", "holdings": {"BTC": 0.0, "USD": 4780.518734288503, "ETH": 2.765250152363012, "EUR": 460.3438868}}, {"date": "20201004", "timestamp": 1601850180, "side": "buy", "size": 0.4481516438995183, "price": 10665.75, "product": "BTC-USD", "holdings": {"BTC": 0.44740536770192285, "USD": 0.0, "ETH": 2.765250152363012, "EUR": 460.3438868}}, {"date": "20201004", "timestamp": 1601850300, "side": "sell", "size": 0.44740536770192285, "price": 10665.47, "product": "BTC-USD", "holdings": {"BTC": 0.0, "USD": 4763.199307715112, "ETH": 2.765250152363012, "EUR": 460.3438868}}, {"date": "20201004", "timestamp": 1601851320, "side": "buy", "size": 0.4466620193487721, "price": 10658.61, "product": "BTC-USD", "holdings": {"BTC": 0.4460830773394678, "USD": 0.0, "ETH": 2.765250152363012, "EUR": 460.3438868}}, {"date": "20201004", "timestamp": 1601851560, "side": "sell", "size": 0.4460830773394678, "price": 10657.07, "product": "BTC-USD", "holdings": {"BTC": 0.0, "USD": 4745.381491576281, "ETH": 2.765250152363012, "EUR": 460.3438868}}, {"date": "20201004", "timestamp": 1601851740, "side": "buy", "size": 0.4450404247638551, "price": 10660.85, "product": "BTC-USD", "holdings": {"BTC": 0.44432102551780056, "USD": 0.0, "ETH": 2.765250152363012, "EUR": 460.3438868}}, {"date": "20201004", "timestamp": 1601853600, "side": "sell", "size": 0.44432102551780056, "price": 10662.45, "product": "BTC-USD", "holdings": {"BTC": 0.0, "USD": 4729.023127238915, "ETH": 2.765250152363012, "EUR": 460.3438868}}, {"date": "20201004", "timestamp": 1601853780, "side": "buy", "size": 0.44346177256673136, "price": 10663.02, "product": "BTC-USD", "holdings": {"BTC": 0.44269924332974003, "USD": 0.0, "ETH": 2.765250152363012, "EUR": 460.3438868}}, {"date": "20201004", "timestamp": 1601854020, "side": "sell", "size": 0.44269924332974003, "price": 10661.28, "product": "BTC-USD", "holdings": {"BTC": 0.0, "USD": 4711.245055866423, "ETH": 2.765250152363012, "EUR": 460.3438868}}, {"date": "20201004", "timestamp": 1601854680, "side": "buy", "size": 0.4418845622199838, "price": 10661.53, "product": "BTC-USD", "holdings": {"BTC": 0.4410966169739112, "USD": 0.0, "ETH": 2.765250152363012, "EUR": 460.3438868}}, {"date": "20201004", "timestamp": 1601854980, "side": "sell", "size": 0.4410966169739112, "price": 10661.01, "product": "BTC-USD", "holdings": {"BTC": 0.0, "USD": 4694.070880724893, "ETH": 2.765250152363012, "EUR": 460.3438868}}, {"date": "20201004", "timestamp": 1601855100, "side": "buy", "size": 0.4402159295669737, "price": 10657.73, "product": "BTC-USD", "holdings": {"BTC": 0.43964536098583734, "USD": 0.0, "ETH": 2.765250152363012, "EUR": 460.3438868}}, {"date": "20201005", "timestamp": 1601856660, "side": "sell", "size": 0.43964536098583734, "price": 10722.9, "product": "BTC-USD", "holdings": {"BTC": 0.0, "USD": 4705.787549480668, "ETH": 2.765250152363012, "EUR": 460.3438868}}, {"date": "20201005", "timestamp": 1601857080, "side": "buy", "size": 0.4389702622448632, "price": 10712.17, "product": "BTC-USD", "holdings": {"BTC": 0.4385028553403841, "USD": 0.0, "ETH": 2.765250152363012, "EUR": 460.3438868}}, {"date": "20201005", "timestamp": 1601857620, "side": "sell", "size": 0.4385028553403841, "price": 10717.63, "product": "BTC-USD", "holdings": {"BTC": 0.0, "USD": 4691.251877038293, "ETH": 2.765250152363012, "EUR": 460.3438868}}, {"date": "20201005", "timestamp": 1601857980, "side": "buy", "size": 0.437718859532381, "price": 10712.28, "product": "BTC-USD", "holdings": {"BTC": 0.43714387820889894, "USD": 0.0, "ETH": 2.765250152363012, "EUR": 460.3438868}}, {"date": "20201005", "timestamp": 1601858040, "side": "sell", "size": 0.43714387820889894, "price": 10709.24, "product": "BTC-USD", "holdings": {"BTC": 0.0, "USD": 4673.052044598583, "ETH": 2.765250152363012, "EUR": 460.3438868}}, {"date": "20201005", "timestamp": 1601859300, "side": "buy", "size": 0.4362853183268213, "price": 10708.66, "product": "BTC-USD", "holdings": {"BTC": 0.43559516792187875, "USD": 0.0, "ETH": 2.765250152363012, "EUR": 460.3438868}}, {"date": "20201005", "timestamp": 1601859360, "side": "sell", "size": 0.43559516792187875, "price": 10708.69, "product": "BTC-USD", "holdings": {"BTC": 0.0, "USD": 4656.257242259552, "ETH": 2.765250152363012, "EUR": 460.3438868}}, {"date": "20201005", "timestamp": 1601860200, "side": "buy", "size": 0.4350158349964313, "price": 10703.65, "product": "BTC-USD", "holdings": {"BTC": 0.43423280649343776, "USD": 0.0, "ETH": 2.765250152363012, "EUR": 460.3438868}}, {"date": "20201005", "timestamp": 1601861040, "side": "sell", "size": 0.43423280649343776, "price": 10709.01, "product": "BTC-USD", "holdings": {"BTC": 0.0, "USD": 4641.833100825571, "ETH": 2.765250152363012, "EUR": 460.3438868}}, {"date": "20201005", "timestamp": 1601862000, "side": "buy", "size": 0.43380320409348233, "price": 10698.13, "product": "BTC-USD", "holdings": {"BTC": 0.43311100175863304, "USD": 0.0, "ETH": 2.765250152363012, "EUR": 460.3438868}}, {"date": "20201005", "timestamp": 1601862720, "side": "sell", "size": 0.43311100175863304, "price": 10699.95, "product": "BTC-USD", "holdings": {"BTC": 0.0, "USD": 4625.924384353405, "ETH": 2.765250152363012, "EUR": 460.3438868}}, {"date": "20201005", "timestamp": 1601863680, "side": "buy", "size": 0.4321363338950828, "price": 10704.37, "product": "BTC-USD", "holdings": {"BTC": 0.43137501043607135, "USD": 0.0, "ETH": 2.765250152363012, "EUR": 460.3438868}}, {"date": "20201005", "timestamp": 1601863800, "side": "sell", "size": 0.43137501043607135, "price": 10704.01, "product": "BTC-USD", "holdings": {"BTC": 0.0, "USD": 4609.131029091988, "ETH": 2.765250152363012, "EUR": 460.3438868}}, {"date": "20201005", "timestamp": 1601863920, "side": "buy", "size": 0.4305703778142508, "price": 10702.6, "product": "BTC-USD", "holdings": {"BTC": 0.4298800845812814, "USD": 0.0, "ETH": 2.765250152363012, "EUR": 460.3438868}}, {"date": "20201005", "timestamp": 1601865120, "side": "sell", "size": 0.4298800845812814, "price": 10702.73, "product": "BTC-USD", "holdings": {"BTC": 0.0, "USD": 4592.608874790846, "ETH": 2.765250152363012, "EUR": 460.3438868}}, {"date": "20201005", "timestamp": 1601865300, "side": "buy", "size": 0.42917567281476926, "price": 10700.97, "product": "BTC-USD", "holdings": {"BTC": 0.42840435762517065, "USD": 0.0, "ETH": 2.765250152363012, "EUR": 460.3438868}}, {"date": "20201005", "timestamp": 1601865660, "side": "sell", "size": 0.42840435762517065, "price": 10701.03, "product": "BTC-USD", "holdings": {"BTC": 0.0, "USD": 4576.11602088814, "ETH": 2.765250152363012, "EUR": 460.3438868}}, {"date": "20201005", "timestamp": 1601865840, "side": "buy", "size": 0.42739878217674027, "price": 10704.26, "product": "BTC-USD", "holdings": {"BTC": 0.4267346843266645, "USD": 0.0, "ETH": 2.765250152363012, "EUR": 460.3438868}}, {"date": "20201005", "timestamp": 1601865960, "side": "sell", "size": 0.4267346843266645, "price": 10706.17, "product": "BTC-USD", "holdings": {"BTC": 0.0, "USD": 4560.47042596207, "ETH": 2.765250152363012, "EUR": 460.3438868}}, {"date": "20201005", "timestamp": 1601866440, "side": "buy", "size": 0.4255313391995303, "price": 10717.08, "product": "BTC-USD", "holdings": {"BTC": 0.4247669681662672, "USD": 0.0, "ETH": 2.765250152363012, "EUR": 460.3438868}}, {"date": "20201005", "timestamp": 1601866620, "side": "sell", "size": 0.4247669681662672, "price": 10716.34, "product": "BTC-USD", "holdings": {"BTC": 0.0, "USD": 4543.753746585946, "ETH": 2.765250152363012, "EUR": 460.3438868}}, {"date": "20201005", "timestamp": 1601867460, "side": "buy", "size": 0.42448484949645243, "price": 10704.05, "product": "BTC-USD", "holdings": {"BTC": 0.4237251311271987, "USD": 0.0, "ETH": 2.765250152363012, "EUR": 460.3438868}}, {"date": "20201005", "timestamp": 1601867520, "side": "sell", "size": 0.4237251311271987, "price": 10704.98, "product": "BTC-USD", "holdings": {"BTC": 0.0, "USD": 4527.804309916454, "ETH": 2.765250152363012, "EUR": 460.3438868}}, {"date": "20201005", "timestamp": 1601867700, "side": "buy", "size": 0.4231145972356615, "price": 10700.1, "product": "BTC-USD", "holdings": {"BTC": 0.42239364699008464, "USD": 0.0, "ETH": 2.765250152363012, "EUR": 460.3438868}}, {"date": "20201005", "timestamp": 1601867880, "side": "sell", "size": 0.42239364699008464, "price": 10696.35, "product": "BTC-USD", "holdings": {"BTC": 0.0, "USD": 4509.937759467623, "ETH": 2.765250152363012, "EUR": 460.3438868}}, {"date": "20201005", "timestamp": 1601869200, "side": "buy", "size": 0.42159352956875557, "price": 10694.01, "product": "BTC-USD", "holdings": {"BTC": 0.42096649166220923, "USD": 0.0, "ETH": 2.765250152363012, "EUR": 460.3438868}}, {"date": "20201005", "timestamp": 1601869440, "side": "sell", "size": 0.42096649166220923, "price": 10692.62, "product": "BTC-USD", "holdings": {"BTC": 0.0, "USD": 4493.132505566633, "ETH": 2.765250152363012, "EUR": 460.3438868}}, {"date": "20201005", "timestamp": 1601871180, "side": "buy", "size": 0.4215416641788936, "price": 10656.88, "product": "BTC-USD", "holdings": {"BTC": 0.42085909450576653, "USD": 0.0, "ETH": 2.765250152363012, "EUR": 460.3438868}}, {"date": "20201005", "timestamp": 1601871480, "side": "sell", "size": 0.42085909450576653, "price": 10669.7, "product": "BTC-USD", "holdings": {"BTC": 0.0, "USD": 4482.35748814301, "ETH": 2.765250152363012, "EUR": 460.3438868}}, {"date": "20201005", "timestamp": 1601871840, "side": "buy", "size": 0.42004525182834535, "price": 10666.99, "product": "BTC-USD", "holdings": {"BTC": 0.4194519020515021, "USD": 0.0, "ETH": 2.765250152363012, "EUR": 460.3438868}}, {"date": "20201005", "timestamp": 1601872320, "side": "sell", "size": 0.4194519020515021, "price": 10668.06, "product": "BTC-USD", "holdings": {"BTC": 0.0, "USD": 4466.683529694788, "ETH": 2.765250152363012, "EUR": 460.3438868}}, {"date": "20201005", "timestamp": 1601872620, "side": "buy", "size": 0.41855329128713914, "price": 10671.46, "product": "BTC-USD", "holdings": {"BTC": 0.41781007466094966, "USD": 0.0, "ETH": 2.765250152363012, "EUR": 460.3438868}}, {"date": "20201005", "timestamp": 1601872740, "side": "sell", "size": 0.41781007466094966, "price": 10671.85, "product": "BTC-USD", "holdings": {"BTC": 0.0, "USD": 4450.780593668969, "ETH": 2.765250152363012, "EUR": 460.3438868}}, {"date": "20201005", "timestamp": 1601872800, "side": "buy", "size": 0.41705762572494104, "price": 10667.06, "product": "BTC-USD", "holdings": {"BTC": 0.4164942532056973, "USD": 0.0, "ETH": 2.765250152363012, "EUR": 460.3438868}}, {"date": "20201005", "timestamp": 1601872860, "side": "sell", "size": 0.4164942532056973, "price": 10663.04, "product": "BTC-USD", "holdings": {"BTC": 0.0, "USD": 4433.100910915414, "ETH": 2.765250152363012, "EUR": 460.3438868}}, {"date": "20201005", "timestamp": 1601873100, "side": "buy", "size": 0.41565101026450046, "price": 10658.04, "product": "BTC-USD", "holdings": {"BTC": 0.4151909102682825, "USD": 0.0, "ETH": 2.765250152363012, "EUR": 460.3438868}}, {"date": "20201005", "timestamp": 1601874120, "side": "sell", "size": 0.4151909102682825, "price": 10664.82, "product": "BTC-USD", "holdings": {"BTC": 0.0, "USD": 4419.966038264819, "ETH": 2.765250152363012, "EUR": 460.3438868}}, {"date": "20201005", "timestamp": 1601874660, "side": "buy", "size": 0.41436585957809535, "price": 10666.24, "product": "BTC-USD", "holdings": {"BTC": 0.41364249251807034, "USD": 0.0, "ETH": 2.765250152363012, "EUR": 460.3438868}}, {"date": "20201005", "timestamp": 1601875140, "side": "sell", "size": 0.41364249251807034, "price": 10662.83, "product": "BTC-USD", "holdings": {"BTC": 0.0, "USD": 4402.660499255162, "ETH": 2.765250152363012, "EUR": 460.3438868}}, {"date": "20201005", "timestamp": 1601876520, "side": "buy", "size": 0.4126672752256968, "price": 10668.06, "product": "BTC-USD", "holdings": {"BTC": 0.4119526615295099, "USD": 0.0, "ETH": 2.765250152363012, "EUR": 460.3438868}}, {"date": "20201005", "timestamp": 1601877960, "side": "sell", "size": 0.4119526615295099, "price": 10651.57, "product": "BTC-USD", "holdings": {"BTC": 0.0, "USD": 4380.044314268139, "ETH": 2.765250152363012, "EUR": 460.3438868}}